sessionid,scripcode,buyorsell,typecode,rate,qty,minfillqty,avlqty,actionid,tradetimestamp,retetion,audcode,ordid,errorcode,ordertype
3,500002,S,L,216400,4,0,0,0,02mar2022 09:07:06,4,T,1646191800008003057,0,N
3,500002,S,L,216400,5,0,0,0,02mar2022 09:07:06,4,T,1646191800008003037,0,N
3,500002,B,L,216400,5,0,5,0,02mar2022 09:07:06,4,T,1646191800008003015,0,N
3,500002,B,L,216400,4,0,1,0,02mar2022 09:07:06,4,T,1646191800008003015,0,N
3,500002,B,L,216400,1,0,0,0,02mar2022 09:07:06,4,T,1646191800008003015,0,N
3,500002,S,L,216400,1,0,99,0,02mar2022 09:07:06,4,T,1646191800008003050,0,N
3,500002,S,L,215945,3,0,0,0,02mar2022 09:15:00,3,T,1646191800008003061,0,N
3,500002,B,L,215945,3,5,2,0,02mar2022 09:15:00,0,T,1646191800008003039,0,N
3,500002,B,L,215945,2,5,0,0,02mar2022 09:15:00,0,T,1646191800008003039,0,N
3,500002,S,L,215945,2,0,0,0,02mar2022 09:15:00,3,T,1646191800008003062,0,N
3,500002,B,L,215870,1,0,1,0,02mar2022 09:15:11,3,T,1646191800008003160,0,N
3,500002,S,L,215870,1,1,0,0,02mar2022 09:15:11,0,T,1646191800008003158,0,N
3,500002,B,L,215900,4,0,0,0,02mar2022 09:15:11,3,T,1646191800008003163,0,N
3,500002,S,L,215900,4,0,6,0,02mar2022 09:15:11,4,T,1646191800008003069,0,N
3,500002,S,L,215900,3,0,3,0,02mar2022 09:15:11,4,T,1646191800008003069,0,N
3,500002,B,L,215900,3,0,0,0,02mar2022 09:15:11,3,T,1646191800008003176,0,N
3,500002,B,L,215900,3,0,1,0,02mar2022 09:15:11,3,T,1646191800008003178,0,N
3,500002,S,L,215900,3,0,0,0,02mar2022 09:15:11,4,T,1646191800008003069,0,N
3,500002,B,L,215900,4,0,0,0,02mar2022 09:15:14,3,T,1646191800008003220,0,N
3,500002,S,L,215900,4,30,26,0,02mar2022 09:15:14,0,T,1646191800008003209,0,N
3,500002,S,L,215900,6,30,20,0,02mar2022 09:15:14,0,T,1646191800008003209,0,N
3,500002,B,L,215900,6,0,0,0,02mar2022 09:15:14,3,T,1646191800008003221,0,N
3,500002,S,L,215900,3,30,17,0,02mar2022 09:15:14,0,T,1646191800008003209,0,N
3,500002,B,L,215900,3,0,0,0,02mar2022 09:15:14,3,T,1646191800008003222,0,N
3,500002,B,L,215900,3,0,0,0,02mar2022 09:15:14,3,T,1646191800008003228,0,N
3,500002,S,L,215900,3,30,14,0,02mar2022 09:15:14,0,T,1646191800008003209,0,N
3,500002,S,L,215900,10,30,4,0,02mar2022 09:15:14,0,T,1646191800008003209,0,N
3,500002,B,L,215900,10,0,0,0,02mar2022 09:15:14,3,T,1646191800008003229,0,N
3,500002,S,L,215900,4,30,0,0,02mar2022 09:15:14,0,T,1646191800008003209,0,N
3,500002,B,L,215900,4,0,6,0,02mar2022 09:15:14,3,T,1646191800008003230,0,N
3,500002,S,L,216095,4,0,6,0,02mar2022 09:15:19,4,T,1646191800008003073,0,N
3,500002,B,L,216095,4,0,0,0,02mar2022 09:15:19,3,T,1646191800008003291,0,N
3,500002,S,L,216100,5,0,0,0,02mar2022 09:15:23,0,T,1646191800008003064,0,N
3,500002,S,L,216095,6,0,0,0,02mar2022 09:15:23,4,T,1646191800008003073,0,N
3,500002,S,L,216000,9,0,0,0,02mar2022 09:15:23,0,T,1646191800008003312,0,N
3,500002,B,L,216100,5,0,0,0,02mar2022 09:15:23,3,T,1646191800008003325,0,N
3,500002,B,L,216095,6,0,5,0,02mar2022 09:15:23,3,T,1646191800008003325,0,N
3,500002,B,L,216000,9,0,11,0,02mar2022 09:15:23,3,T,1646191800008003325,0,N
3,500002,S,L,216340,1,0,15,0,02mar2022 09:16:30,3,T,1646191800008509171,0,N
3,500002,B,L,216340,1,1,0,0,02mar2022 09:16:30,0,T,1646191800008003658,0,N
3,500002,S,L,216590,1,1,0,0,02mar2022 09:16:44,0,T,1646191800008509521,0,N
3,500002,B,L,216590,1,0,0,0,02mar2022 09:16:44,3,T,1646191800008509524,0,N
3,500002,B,L,216800,2,5,3,0,02mar2022 09:16:44,0,T,1646191800008003040,0,N
3,500002,S,L,216800,2,0,0,0,02mar2022 09:16:44,0,T,1646191800008509291,0,N
3,500002,S,L,216800,3,0,0,0,02mar2022 09:16:44,3,T,1646191800008509535,0,N
3,500002,B,L,216800,3,5,0,0,02mar2022 09:16:44,0,T,1646191800008003040,0,N
3,500002,B,L,216760,11,0,0,0,02mar2022 09:17:28,3,T,1646191800008509997,0,N
3,500002,B,L,216755,15,0,11,0,02mar2022 09:17:28,3,T,1646191800008509997,0,N
3,500002,B,L,216755,2,0,26,0,02mar2022 09:17:28,3,T,1646191800008509997,0,N
3,500002,S,L,216755,2,0,0,0,02mar2022 09:17:28,0,T,1646191800008509869,0,N
3,500002,S,L,216760,11,0,0,0,02mar2022 09:17:28,0,T,1646191800008509951,0,N
3,500002,S,L,216755,15,0,0,0,02mar2022 09:17:28,4,T,1646191800008509984,0,N
3,500002,S,L,216850,9,0,0,0,02mar2022 09:17:28,0,T,1646191800008509954,0,N
3,500002,S,L,216845,2,0,0,0,02mar2022 09:17:28,0,T,1646191800008509892,0,N
3,500002,S,L,216840,2,0,0,0,02mar2022 09:17:28,0,T,1646191800008509904,0,N
3,500002,S,L,216835,2,0,0,0,02mar2022 09:17:28,0,T,1646191800008509911,0,N
3,500002,B,L,216835,2,0,24,0,02mar2022 09:17:28,3,T,1646191800008652001,0,N
3,500002,B,L,216840,2,0,22,0,02mar2022 09:17:28,3,T,1646191800008652001,0,N
3,500002,B,L,216845,2,0,20,0,02mar2022 09:17:28,3,T,1646191800008652001,0,N
3,500002,B,L,216850,9,0,11,0,02mar2022 09:17:28,3,T,1646191800008652001,0,N
3,500002,B,L,216855,2,0,26,0,02mar2022 09:17:28,3,T,1646191800008652002,0,N
3,500002,S,L,216855,2,0,0,0,02mar2022 09:17:28,0,T,1646191800008509875,0,N
3,500002,S,L,216995,15,0,0,0,02mar2022 09:17:50,4,T,1646191800008652043,0,N
3,500002,S,L,216995,16,2,0,0,02mar2022 09:17:50,4,T,1646191800008509533,0,N
3,500002,B,G,216995,15,0,30,0,02mar2022 09:17:50,0,T,1646191800008652158,0,N
3,500002,B,G,216995,16,0,14,0,02mar2022 09:17:50,0,T,1646191800008652158,0,N
3,500002,B,G,217000,14,0,0,0,02mar2022 09:17:50,0,T,1646191800008652158,0,N
3,500002,S,L,217000,14,0,11,0,02mar2022 09:17:50,0,T,1646191800008003004,0,N
3,500002,S,L,217000,11,0,0,0,02mar2022 09:18:03,0,T,1646191800008003004,0,N
3,500002,B,L,217000,11,0,2,0,02mar2022 09:18:03,3,T,1646191800008652209,0,N
3,500002,S,L,216540,1,0,4,0,02mar2022 09:18:05,4,T,1646191800008652227,0,N
3,500002,S,L,216540,4,0,0,0,02mar2022 09:18:05,4,T,1646191800008652227,0,N
3,500002,B,L,216540,1,1,0,0,02mar2022 09:18:05,0,T,1646191800008652141,0,N
3,500002,B,L,216540,4,0,11,0,02mar2022 09:18:05,4,T,1646191800008652225,0,N
3,500002,S,L,216885,1,1,0,0,02mar2022 09:19:03,0,T,1646191800008652598,0,N
3,500002,B,L,216885,1,0,0,0,02mar2022 09:19:03,3,T,1646191800008652779,0,N
3,500002,B,L,216935,1,0,0,0,02mar2022 09:19:03,3,T,1646191800008652780,0,N
3,500002,S,L,216935,1,0,14,0,02mar2022 09:19:03,4,T,1646191800008652765,0,N
3,500002,B,L,216650,1,1,0,0,02mar2022 09:20:21,0,T,1646191800008652609,0,N
3,500002,S,G,216650,1,0,0,0,02mar2022 09:20:21,0,T,1646191800008860181,0,N
3,500002,S,L,216650,3,0,12,0,02mar2022 09:20:51,0,T,1646191800008860343,0,N
3,500002,B,L,216650,3,0,0,0,02mar2022 09:20:51,3,T,1646191800008860353,0,N
3,500002,S,L,216650,3,0,9,0,02mar2022 09:20:51,0,T,1646191800008860343,0,N
3,500002,B,L,216650,3,0,0,0,02mar2022 09:20:51,3,T,1646191800008860354,0,N
3,500002,B,L,216650,3,0,0,0,02mar2022 09:20:51,3,T,1646191800008860361,0,N
3,500002,S,L,216650,3,0,6,0,02mar2022 09:20:51,0,T,1646191800008860343,0,N
3,500002,S,L,216650,6,0,0,0,02mar2022 09:20:51,0,T,1646191800008860343,0,N
3,500002,B,L,216650,6,15,9,0,02mar2022 09:20:51,3,T,1646191800008860362,0,N
3,500002,S,L,216915,2,2,0,0,02mar2022 09:21:11,3,T,1646191800008860512,0,N
3,500002,B,L,216915,2,2,0,0,02mar2022 09:21:11,4,T,1646191800008860511,0,N
3,500002,S,L,217070,1,1,0,0,02mar2022 09:21:35,0,T,1646191800008860675,0,N
3,500002,S,L,217060,5,0,0,0,02mar2022 09:21:35,4,T,1646191800008003054,0,N
3,500002,B,L,217060,5,0,1,0,02mar2022 09:21:35,3,T,1646191800008860694,0,N
3,500002,B,L,217070,1,0,0,0,02mar2022 09:21:35,3,T,1646191800008860694,0,N
3,500002,B,L,217115,2,0,25,0,02mar2022 09:21:35,3,T,1646191800008860696,0,N
3,500002,B,L,217155,1,0,24,0,02mar2022 09:21:35,3,T,1646191800008860696,0,N
3,500002,S,L,217155,1,0,0,0,02mar2022 09:21:35,0,T,1646191800008860328,0,N
3,500002,S,L,217115,2,0,0,0,02mar2022 09:21:35,0,T,1646191800008860456,0,N
3,500002,S,L,217195,2,0,0,0,02mar2022 09:21:35,0,T,1646191800008860327,0,N
3,500002,S,L,217235,1,0,0,0,02mar2022 09:21:35,0,T,1646191800008860204,0,N
3,500002,B,L,217235,1,0,10,0,02mar2022 09:21:35,3,T,1646191800008860699,0,N
3,500002,B,L,217195,2,0,11,0,02mar2022 09:21:35,3,T,1646191800008860699,0,N
3,500002,B,L,217275,2,0,11,0,02mar2022 09:21:35,3,T,1646193031025091302,0,N
3,500002,S,L,217275,2,0,0,0,02mar2022 09:21:35,0,T,1646191800008860342,0,N
3,500002,B,L,217060,1,1,0,0,02mar2022 09:22:34,0,T,1646191800008860687,0,N
3,500002,S,L,217060,1,0,0,0,02mar2022 09:22:34,0,T,1646193031025092086,0,N
3,500002,B,G,217605,1,0,0,0,02mar2022 09:23:06,0,T,1646193031025232555,0,N
3,500002,B,G,217595,1,0,1,0,02mar2022 09:23:06,0,T,1646193031025232555,0,N
3,500002,S,L,217605,1,1,0,0,02mar2022 09:23:06,0,T,1646193031025232534,0,N
3,500002,S,L,217595,1,0,0,0,02mar2022 09:23:06,0,T,1646193031025091940,0,N
3,500002,S,L,217875,6,0,53,0,02mar2022 09:24:01,0,T,1646193031025232670,0,N
3,500002,B,L,217875,6,6,0,0,02mar2022 09:24:01,3,T,1646193031025232765,0,N
3,500002,B,L,217875,6,6,0,0,02mar2022 09:24:01,3,T,1646193031025232766,0,N
3,500002,S,L,217875,6,0,47,0,02mar2022 09:24:01,0,T,1646193031025232670,0,N
3,500002,S,L,217930,10,0,2,0,02mar2022 09:24:01,0,T,1646193031025232760,0,N
3,500002,B,L,217925,15,25,10,0,02mar2022 09:24:01,3,T,1646193031025232769,0,N
3,500002,B,L,217930,10,25,0,0,02mar2022 09:24:01,3,T,1646193031025232769,0,N
3,500002,S,L,217925,15,0,0,0,02mar2022 09:24:01,4,T,1646193031025232746,0,N
3,500002,B,L,217975,6,6,0,0,02mar2022 09:24:01,3,T,1646193031025232770,0,N
3,500002,S,L,217975,6,0,5,0,02mar2022 09:24:01,0,T,1646193031025232759,0,N
3,500002,S,L,217975,5,0,0,0,02mar2022 09:24:01,0,T,1646193031025232759,0,N
3,500002,B,L,217975,5,6,1,0,02mar2022 09:24:01,3,T,1646193031025232771,0,N
3,500002,S,L,217975,9,0,0,0,02mar2022 09:24:34,0,T,1646193031025232841,0,N
3,500002,B,L,217975,9,0,18,0,02mar2022 09:24:34,3,T,1646193031025232889,0,N
3,500002,S,L,217715,1,10,9,0,02mar2022 09:24:46,0,T,1646193031025233006,0,N
3,500002,S,L,217710,9,10,0,0,02mar2022 09:24:46,0,T,1646193031025233006,0,N
3,500002,B,L,217715,1,1,0,0,02mar2022 09:24:46,0,T,1646193031025232751,0,N
3,500002,B,L,217710,9,2,7,0,02mar2022 09:24:46,4,T,1646193031025091727,0,N
3,500002,B,L,218005,2,0,3,0,02mar2022 09:25:52,0,T,1646193031025232972,0,N
3,500002,B,L,218005,2,2,0,0,02mar2022 09:25:52,0,T,1646193031025091944,0,N
3,500002,S,L,218005,2,4,0,0,02mar2022 09:25:52,3,T,1646193031025233296,0,N
3,500002,S,L,218005,2,4,2,0,02mar2022 09:25:52,3,T,1646193031025233296,0,N
3,500002,B,L,218005,3,0,0,0,02mar2022 09:26:03,0,T,1646193031025232972,0,N
3,500002,S,L,218005,3,0,0,0,02mar2022 09:26:03,3,T,1646193031025233314,0,N
3,500002,S,L,218305,1,1,0,0,02mar2022 09:26:37,0,T,1646193031025233235,0,N
3,500002,B,L,218305,1,0,56,0,02mar2022 09:26:37,3,T,1646193031025233448,0,N
3,500002,B,L,218520,13,0,4,0,02mar2022 09:26:37,3,T,1646193031025233452,0,N
3,500002,B,L,218520,4,0,0,0,02mar2022 09:26:37,3,T,1646193031025233452,0,N
3,500002,B,L,218465,16,0,17,0,02mar2022 09:26:37,3,T,1646193031025233452,0,N
3,500002,B,L,218425,7,0,33,0,02mar2022 09:26:37,3,T,1646193031025233452,0,N
3,500002,S,L,218425,7,1,0,0,02mar2022 09:26:37,4,T,1646191800008003288,0,N
3,500002,S,L,218465,16,2,0,0,02mar2022 09:26:37,4,T,1646193031025233416,0,N
3,500002,S,L,218520,13,13,0,0,02mar2022 09:26:37,0,T,1646191800008859901,0,N
3,500002,S,L,218520,4,0,26,0,02mar2022 09:26:37,4,T,1646193031025233026,0,N
3,500002,S,L,218730,2,5,3,0,02mar2022 09:27:08,0,T,1646193031025233179,0,N
3,500002,B,G,218730,2,2,0,0,02mar2022 09:27:08,4,T,1646193031025608505,0,N
3,500002,B,L,218730,1,0,0,0,02mar2022 09:27:25,3,T,1646193031025608560,0,N
3,500002,S,L,218730,1,5,2,0,02mar2022 09:27:25,0,T,1646193031025233179,0,N
3,500002,S,L,218730,1,5,1,0,02mar2022 09:27:30,0,T,1646193031025233179,0,N
3,500002,B,L,218730,1,0,0,0,02mar2022 09:27:30,3,T,1646193031025608575,0,N
3,500002,S,L,218420,1,11,10,0,02mar2022 09:27:38,3,T,1646193031025608594,0,N
3,500002,B,L,218420,1,1,0,0,02mar2022 09:27:38,0,T,1646193031025233387,0,N
3,500002,B,L,218330,1,1,0,0,02mar2022 09:27:43,0,T,1646193031025608623,0,N
3,500002,B,L,218305,5,1,0,0,02mar2022 09:27:43,4,T,1646191800008003277,0,N
3,500002,B,L,218305,15,0,0,0,02mar2022 09:27:43,4,T,1646193031025608637,0,N
3,500002,B,L,218245,1,0,1,0,02mar2022 09:27:43,0,T,1646193031025608580,0,N
3,500002,B,L,218325,1,1,0,0,02mar2022 09:27:43,0,T,1646193031025092266,0,N
3,500002,B,L,218300,12,0,0,0,02mar2022 09:27:43,0,T,1646193031025608495,0,N
3,500002,B,L,218255,8,0,0,0,02mar2022 09:27:43,0,T,1646193031025608476,0,N
3,500002,B,L,218285,2,2,0,0,02mar2022 09:27:43,0,T,1646193031025092208,0,N
3,500002,S,G,218325,1,0,43,0,02mar2022 09:27:43,0,T,1646193031025608641,0,N
3,500002,S,G,218305,15,0,28,0,02mar2022 09:27:43,0,T,1646193031025608641,0,N
3,500002,S,G,218305,5,0,23,0,02mar2022 09:27:43,0,T,1646193031025608641,0,N
3,500002,S,G,218330,1,0,44,0,02mar2022 09:27:43,0,T,1646193031025608641,0,N
3,500002,S,G,218300,12,0,11,0,02mar2022 09:27:43,0,T,1646193031025608641,0,N
3,500002,S,G,218285,2,0,9,0,02mar2022 09:27:43,0,T,1646193031025608641,0,N
3,500002,S,G,218255,8,0,1,0,02mar2022 09:27:43,0,T,1646193031025608641,0,N
3,500002,S,G,218245,1,0,0,0,02mar2022 09:27:43,0,T,1646193031025608641,0,N
3,500002,B,L,218245,1,0,1,0,02mar2022 09:28:22,0,T,1646193031025733914,0,N
3,500002,S,G,218245,1,0,0,0,02mar2022 09:28:22,0,T,1646193031025733933,0,N
3,500002,B,L,218280,7,0,0,0,02mar2022 09:28:25,3,T,1646193031025733943,0,N
3,500002,S,L,218280,7,0,0,0,02mar2022 09:28:25,0,T,1646193031025608701,0,N
3,500002,S,L,218245,1,17,16,0,02mar2022 09:28:26,4,T,1646193031025733952,0,N
3,500002,B,L,218245,1,0,0,0,02mar2022 09:28:26,0,T,1646193031025733914,0,N
3,500002,S,L,218245,16,17,0,0,02mar2022 09:28:26,4,T,1646193031025733952,0,N
3,500002,B,L,218245,16,16,0,0,02mar2022 09:28:26,3,T,1646193031025733954,0,N
3,500002,S,L,218260,14,0,0,0,02mar2022 09:28:30,4,T,1646193031025733983,0,N
3,500002,B,L,218260,14,0,1,0,02mar2022 09:28:30,4,T,1646193031025733964,0,N
3,500002,S,L,218285,1,0,14,0,02mar2022 09:28:30,4,T,1646193031025733983,0,N
3,500002,B,L,218285,1,0,0,0,02mar2022 09:28:30,0,T,1646193031025733971,0,N
3,500002,S,L,218555,2,0,0,0,02mar2022 09:28:46,0,T,1646193031025733972,0,N
3,500002,S,L,218555,13,0,2,0,02mar2022 09:28:46,4,T,1646193031025734003,0,N
3,500002,B,G,218555,2,0,13,0,02mar2022 09:28:46,0,T,1646193031025734004,0,N
3,500002,B,G,218555,13,0,0,0,02mar2022 09:28:46,0,T,1646193031025734004,0,N
3,500002,B,L,218325,2,0,0,0,02mar2022 09:29:01,0,T,1646193031025733988,0,N
3,500002,S,L,218325,2,4,2,0,02mar2022 09:29:01,3,T,1646193031025734032,0,N
3,500002,B,L,218305,15,0,0,0,02mar2022 09:29:01,4,T,1646193031025733964,0,N
3,500002,S,L,218305,15,0,2,0,02mar2022 09:29:01,3,T,1646193031025734033,0,N
3,500002,S,L,218300,8,0,0,0,02mar2022 09:29:01,3,T,1646193031025734035,0,N
3,500002,B,L,218300,8,0,0,0,02mar2022 09:29:01,0,T,1646193031025733990,0,N
3,500002,B,L,218285,2,0,0,0,02mar2022 09:29:01,0,T,1646193031025733989,0,N
3,500002,S,L,218285,2,0,0,0,02mar2022 09:29:01,3,T,1646193031025734036,0,N
3,500002,S,L,217995,2,0,0,0,02mar2022 09:30:23,3,T,1646193031025734432,0,N
3,500002,B,L,217995,2,0,0,0,02mar2022 09:30:23,0,T,1646193031025734247,0,N
3,500002,B,L,217895,8,0,4,0,02mar2022 09:30:23,0,T,1646193031025734377,0,N
3,500002,B,L,217925,2,0,0,0,02mar2022 09:30:23,0,T,1646193031025734352,0,N
3,500002,B,L,217945,2,0,0,0,02mar2022 09:30:23,0,T,1646193031025734367,0,N
3,500002,S,L,217945,2,12,10,0,02mar2022 09:30:23,3,T,1646193031025734433,0,N
3,500002,S,L,217925,2,12,8,0,02mar2022 09:30:23,3,T,1646193031025734433,0,N
3,500002,S,L,217895,8,12,0,0,02mar2022 09:30:23,3,T,1646193031025734433,0,N
3,500002,S,L,217885,1,12,11,0,02mar2022 09:30:23,3,T,1646193031025734434,0,N
3,500002,B,L,217885,1,0,0,0,02mar2022 09:30:23,0,T,1646193031025233408,0,N
3,500002,S,L,217710,1,0,0,0,02mar2022 09:30:23,3,T,1646193031025734440,0,N
3,500002,B,L,217710,1,0,17,0,02mar2022 09:30:23,0,T,1646193031025233201,0,N
3,500002,B,L,217710,1,0,16,0,02mar2022 09:30:23,0,T,1646193031025233201,0,N
3,500002,S,L,217710,1,0,0,0,02mar2022 09:30:23,3,T,1646193031025734445,0,N
3,500002,S,L,217720,4,4,0,0,02mar2022 09:30:26,3,T,1646193031025734499,0,N
3,500002,B,L,217720,4,0,11,0,02mar2022 09:30:26,4,T,1646193031025734489,0,N
3,500002,S,L,217990,6,0,9,0,02mar2022 09:31:21,4,T,1646193031025734601,0,N
3,500002,B,L,217990,6,6,0,0,02mar2022 09:31:21,3,T,1646193031025734679,0,N
3,500002,B,L,217990,6,6,0,0,02mar2022 09:31:21,3,T,1646193031025734680,0,N
3,500002,S,L,217990,6,0,3,0,02mar2022 09:31:21,4,T,1646193031025734601,0,N
3,500002,S,L,217990,3,0,0,0,02mar2022 09:31:21,4,T,1646193031025734601,0,N
3,500002,S,L,218055,1,1,0,0,02mar2022 09:31:21,0,T,1646193031025734656,0,N
3,500002,B,L,218035,1,75,70,0,02mar2022 09:31:21,3,T,1646193031025734681,0,N
3,500002,B,L,218055,1,75,69,0,02mar2022 09:31:21,3,T,1646193031025734681,0,N
3,500002,B,L,217990,3,75,72,0,02mar2022 09:31:21,3,T,1646193031025734681,0,N
3,500002,B,L,217995,1,75,71,0,02mar2022 09:31:21,3,T,1646193031025734681,0,N
3,500002,S,L,218035,1,0,0,0,02mar2022 09:31:21,0,T,1646193031025734594,0,N
3,500002,S,L,217995,1,0,0,0,02mar2022 09:31:21,0,T,1646193031025734611,0,N
3,500002,B,L,218090,5,0,4,0,02mar2022 09:31:21,3,T,1646193031025734690,0,N
3,500002,S,L,218090,5,1,0,0,02mar2022 09:31:21,4,T,1646193031025734039,0,N
3,500002,S,L,218255,5,1,0,0,02mar2022 09:31:21,4,T,1646193031025609144,0,N
3,500002,B,L,218255,5,0,5,0,02mar2022 09:31:21,3,T,1646193031025734695,0,N
3,500002,B,L,218130,1,0,14,0,02mar2022 09:32:58,4,T,1646193664720054878,0,N
3,500002,S,L,218130,4,0,1,0,02mar2022 09:32:58,4,T,1646193664720054979,0,N
3,500002,S,L,218130,1,0,0,0,02mar2022 09:32:58,4,T,1646193664720054979,0,N
3,500002,B,L,218130,4,4,0,0,02mar2022 09:32:58,0,T,1646193664720054970,0,N
3,500002,B,L,218170,15,0,0,0,02mar2022 09:33:17,4,T,1646193664720054995,0,N
3,500002,S,L,218165,1,30,0,0,02mar2022 09:33:17,0,T,1646193664720055026,0,N
3,500002,S,L,218165,12,30,1,0,02mar2022 09:33:17,0,T,1646193664720055026,0,N
3,500002,S,L,218165,1,30,13,0,02mar2022 09:33:17,0,T,1646193664720055026,0,N
3,500002,S,L,218205,1,30,29,0,02mar2022 09:33:17,0,T,1646193664720055026,0,N
3,500002,S,L,218170,15,30,14,0,02mar2022 09:33:17,0,T,1646193664720055026,0,N
3,500002,B,L,218165,1,1,4,0,02mar2022 09:33:17,4,T,1646193031025734119,0,N
3,500002,B,L,218205,1,0,0,0,02mar2022 09:33:17,0,T,1646193664720055018,0,N
3,500002,B,L,218165,1,0,0,0,02mar2022 09:33:17,0,T,1646193664720054997,0,N
3,500002,B,L,218165,12,0,0,0,02mar2022 09:33:17,0,T,1646193664720055002,0,N
3,500002,B,L,218125,2,0,0,0,02mar2022 09:33:28,0,T,1646193664720054966,0,N
3,500002,S,L,218125,2,0,38,0,02mar2022 09:33:28,3,T,1646193664720055051,0,N
3,500002,S,L,218120,12,0,0,0,02mar2022 09:33:28,3,T,1646193664720055053,0,N
3,500002,B,L,218120,12,0,0,0,02mar2022 09:33:28,0,T,1646193664720054967,0,N
3,500002,B,L,218085,2,0,0,0,02mar2022 09:33:28,0,T,1646193664720054939,0,N
3,500002,S,L,218085,2,0,0,0,02mar2022 09:33:28,3,T,1646193664720055054,0,N
3,500002,S,L,218075,20,0,0,0,02mar2022 09:33:31,3,T,1646193664720055116,0,N
3,500002,B,L,218075,20,0,5,0,02mar2022 09:33:31,0,T,1646193664720054944,0,N
3,500002,B,L,218075,5,0,0,0,02mar2022 09:33:34,0,T,1646193664720054944,0,N
3,500002,S,L,218075,5,0,0,0,02mar2022 09:33:34,3,T,1646193664720055130,0,N
3,500002,S,L,217740,2,0,0,0,02mar2022 09:35:41,3,T,1646193664720348104,0,N
3,500002,B,L,217740,2,0,0,0,02mar2022 09:35:41,0,T,1646193664720348053,0,N
3,500002,B,L,217735,2,0,0,0,02mar2022 09:35:41,0,T,1646193664720348049,0,N
3,500002,S,L,217735,2,0,0,0,02mar2022 09:35:41,3,T,1646193664720348105,0,N
3,500002,S,L,217715,2,0,0,0,02mar2022 09:35:41,3,T,1646193664720348107,0,N
3,500002,S,L,217730,2,0,2,0,02mar2022 09:35:41,3,T,1646193664720348107,0,N
3,500002,B,L,217715,2,0,0,0,02mar2022 09:35:41,0,T,1646193664720348060,0,N
3,500002,B,L,217730,2,0,0,0,02mar2022 09:35:41,0,T,1646193664720348048,0,N
3,500002,B,L,217710,16,0,0,0,02mar2022 09:35:41,0,T,1646193031025233201,0,N
3,500002,S,L,217710,16,0,0,0,02mar2022 09:35:41,3,T,1646193664720348108,0,N
3,500002,S,L,217685,2,0,0,0,02mar2022 09:35:41,3,T,1646193664720348109,0,N
3,500002,B,L,217685,2,0,0,0,02mar2022 09:35:41,0,T,1646193031025734837,0,N
3,500002,B,L,217645,1,0,0,0,02mar2022 09:35:41,0,T,1646193031025734590,0,N
3,500002,S,L,217645,1,0,0,0,02mar2022 09:35:41,3,T,1646193664720348110,0,N
3,500002,S,L,217625,5,0,7,0,02mar2022 09:35:41,3,T,1646193664720348111,0,N
3,500002,S,L,217630,1,0,12,0,02mar2022 09:35:41,3,T,1646193664720348111,0,N
3,500002,B,L,217630,1,1,0,0,02mar2022 09:35:41,0,T,1646193664720055223,0,N
3,500002,B,L,217625,5,1,0,0,02mar2022 09:35:41,4,T,1646193031025232681,0,N
3,500002,B,L,217625,6,0,10,0,02mar2022 09:36:15,0,T,1646193664720348296,0,N
3,500002,S,L,217625,6,0,0,0,02mar2022 09:36:15,3,T,1646193664720348297,0,N
3,500002,B,L,217625,1,0,9,0,02mar2022 09:36:16,0,T,1646193664720348296,0,N
3,500002,S,L,217625,1,0,0,0,02mar2022 09:36:16,3,T,1646193664720348302,0,N
3,500002,S,L,217625,1,0,0,0,02mar2022 09:36:16,3,T,1646193664720348303,0,N
3,500002,B,L,217625,1,0,8,0,02mar2022 09:36:16,0,T,1646193664720348296,0,N
3,500002,B,L,217625,1,0,7,0,02mar2022 09:36:16,0,T,1646193664720348296,0,N
3,500002,S,L,217625,1,0,0,0,02mar2022 09:36:16,3,T,1646193664720348306,0,N
3,500002,S,L,217625,1,0,0,0,02mar2022 09:36:16,3,T,1646193664720348313,0,N
3,500002,B,L,217625,1,0,6,0,02mar2022 09:36:16,0,T,1646193664720348296,0,N
3,500002,B,L,217625,1,0,5,0,02mar2022 09:36:21,0,T,1646193664720348296,0,N
3,500002,S,L,217625,1,0,0,0,02mar2022 09:36:21,3,T,1646193664720348331,0,N
3,500002,S,L,217625,5,6,1,0,02mar2022 09:36:21,3,T,1646193664720348332,0,N
3,500002,B,L,217625,5,0,0,0,02mar2022 09:36:21,0,T,1646193664720348296,0,N
3,500002,B,L,217525,1,0,0,0,02mar2022 09:36:46,0,T,1646193664720348510,0,N
3,500002,S,L,217520,4,0,0,0,02mar2022 09:36:46,0,T,1646193664720348529,0,N
3,500002,S,L,217525,1,0,4,0,02mar2022 09:36:46,0,T,1646193664720348529,0,N
3,500002,B,L,217520,4,2,12,0,02mar2022 09:36:46,4,T,1646193664720348311,0,N
3,500002,B,L,217485,1,0,0,0,02mar2022 09:38:54,0,T,1646193664720536086,0,N
3,500002,S,L,217485,1,0,0,0,02mar2022 09:38:54,3,T,1646193664720536119,0,N
3,500002,S,L,217715,12,2,1,0,02mar2022 09:39:19,4,T,1646193664720055327,0,N
3,500002,B,L,217715,12,12,0,0,02mar2022 09:39:19,3,T,1646193664720536370,0,N
3,500002,B,L,217715,1,12,11,0,02mar2022 09:39:19,3,T,1646193664720536371,0,N
3,500002,S,L,217715,1,2,0,0,02mar2022 09:39:19,4,T,1646193664720055327,0,N
3,500002,B,L,217735,2,0,0,0,02mar2022 09:39:19,3,T,1646193664720536380,0,N
3,500002,S,L,217735,2,0,0,0,02mar2022 09:39:19,0,T,1646193664720536215,0,N
3,500002,S,L,217755,1,1,0,0,02mar2022 09:39:19,0,T,1646193664720536067,0,N
3,500002,B,L,217755,1,2,1,0,02mar2022 09:39:19,3,T,1646193664720536381,0,N
3,500002,S,L,218115,1,0,1,0,02mar2022 09:41:15,0,T,1646193664720536797,0,N
3,500002,B,L,218115,1,1,0,0,02mar2022 09:41:15,0,T,1646193664720784707,0,N
3,500002,S,L,218275,1,0,0,0,02mar2022 09:41:57,0,T,1646193664720784789,0,N
3,500002,S,L,218285,4,0,11,0,02mar2022 09:41:57,4,T,1646193664720784785,0,N
3,500002,B,G,218275,1,0,4,0,02mar2022 09:41:57,0,T,1646193664720784794,0,N
3,500002,B,G,218285,4,0,0,0,02mar2022 09:41:57,0,T,1646193664720784794,0,N
3,500002,B,L,218135,1,22,21,0,02mar2022 09:42:38,0,T,1646193664720784841,0,N
3,500002,S,L,218135,1,0,0,0,02mar2022 09:42:38,0,T,1646193664720784848,0,N
3,500002,S,L,218040,16,0,26,0,02mar2022 09:42:57,3,T,1646193664720784874,0,N
3,500002,S,L,218080,15,0,42,0,02mar2022 09:42:57,3,T,1646193664720784874,0,N
3,500002,B,L,218040,16,2,0,0,02mar2022 09:42:57,4,T,1646193664720536784,0,N
3,500002,B,L,218080,15,0,0,0,02mar2022 09:42:57,4,T,1646193664720784865,0,N
3,500002,B,L,217975,1,1,0,0,02mar2022 09:42:57,0,T,1646193664720784853,0,N
3,500002,S,L,217975,1,0,12,0,02mar2022 09:42:57,3,T,1646193664720784884,0,N
3,500002,S,L,217895,22,0,0,0,02mar2022 09:42:57,3,T,1646193664720784888,0,N
3,500002,B,L,217895,22,37,15,0,02mar2022 09:42:57,0,T,1646193664720784852,0,N
3,500002,B,L,217895,15,37,0,0,02mar2022 09:42:57,0,T,1646193664720784852,0,N
3,500002,S,L,217895,15,0,7,0,02mar2022 09:42:57,3,T,1646193664720784890,0,N
3,500002,S,L,217815,5,0,76,0,02mar2022 09:42:57,3,T,1646193664720784912,0,N
3,500002,B,L,217815,5,1,0,0,02mar2022 09:42:57,4,T,1646193031025233495,0,N
3,500002,B,L,217485,2,0,0,0,02mar2022 09:44:43,0,T,1646193664720785362,0,N
3,500002,S,L,217485,2,0,0,0,02mar2022 09:44:43,3,T,1646193664720785386,0,N
3,500002,S,L,217000,2,0,0,0,02mar2022 09:45:16,3,T,1646194448528098060,0,N
3,500002,B,L,217000,2,0,0,0,02mar2022 09:45:16,0,T,1646193031025232926,0,N
3,500002,S,L,217065,20,20,0,0,02mar2022 09:45:38,0,T,1646194448528098283,0,N
3,500002,B,L,217065,20,0,37,0,02mar2022 09:45:38,3,T,1646194448528098320,0,N
3,500002,S,L,217500,2,0,0,0,02mar2022 09:45:52,0,T,1646194448528098490,0,N
3,500002,B,L,217500,2,12,10,0,02mar2022 09:45:52,3,T,1646194448528098521,0,N
3,500002,B,L,217550,1,0,1,0,02mar2022 09:45:52,3,T,1646194448528098530,0,N
3,500002,S,L,217550,1,1,0,0,02mar2022 09:45:52,0,T,1646194448528098519,0,N
3,500002,B,L,217370,1,1,0,0,02mar2022 09:46:10,0,T,1646194448528098774,0,N
3,500002,S,L,217370,1,6,5,0,02mar2022 09:46:10,3,T,1646194448528098796,0,N
3,500002,B,L,217260,18,18,0,0,02mar2022 09:46:10,0,T,1646194448528098555,0,N
3,500002,B,L,217260,13,13,0,0,02mar2022 09:46:10,0,T,1646194448528098563,0,N
3,500002,S,L,217260,18,0,22,0,02mar2022 09:46:10,3,T,1646194448528098798,0,N
3,500002,S,L,217260,13,0,9,0,02mar2022 09:46:10,3,T,1646194448528098798,0,N
3,500002,B,L,217165,1,0,0,0,02mar2022 09:46:11,0,T,1646194448528098811,0,N
3,500002,B,L,217175,9,0,0,0,02mar2022 09:46:11,0,T,1646194448528098819,0,N
3,500002,S,L,217165,1,14,4,0,02mar2022 09:46:11,3,T,1646194448528098856,0,N
3,500002,S,L,217175,9,14,5,0,02mar2022 09:46:11,3,T,1646194448528098856,0,N
3,500002,S,L,217430,2,0,0,0,02mar2022 09:46:37,0,T,1646194448528163944,0,N
3,500002,B,L,217430,2,2,0,0,02mar2022 09:46:37,4,T,1646194448528163984,0,N
3,500002,B,L,216765,1,0,0,0,02mar2022 09:47:29,0,T,1646194448528164314,0,N
3,500002,S,L,216765,1,12,11,0,02mar2022 09:47:29,3,T,1646194448528164319,0,N
3,500002,B,L,217065,4,4,0,0,02mar2022 09:47:42,3,T,1646194448528164552,0,N
3,500002,S,L,217065,4,14,10,0,02mar2022 09:47:42,0,T,1646194448528164502,0,N
3,500002,S,G,216765,2,2,0,0,02mar2022 09:48:51,4,T,1646194448528317278,0,N
3,500002,B,L,216765,2,0,0,0,02mar2022 09:48:51,0,T,1646194448528164757,0,N
3,500002,S,L,217265,2,2,14,0,02mar2022 09:50:03,4,T,1646194448528164554,0,N
3,500002,S,L,217260,4,1,0,0,02mar2022 09:50:03,4,T,1646193031025608529,0,N
3,500002,S,L,217185,1,1,0,0,02mar2022 09:50:03,0,T,1646194448528317578,0,N
3,500002,S,L,217235,1,0,0,0,02mar2022 09:50:03,0,T,1646194448528317576,0,N
3,500002,S,L,217145,2,0,0,0,02mar2022 09:50:03,0,T,1646194448528317540,0,N
3,500002,S,L,217150,2,0,0,0,02mar2022 09:50:03,0,T,1646194448528317544,0,N
3,500002,S,L,217155,2,0,0,0,02mar2022 09:50:03,0,T,1646194448528317542,0,N
3,500002,S,L,217165,10,0,0,0,02mar2022 09:50:03,0,T,1646194448528317573,0,N
3,500002,S,L,217195,1,0,0,0,02mar2022 09:50:03,0,T,1646194448528317552,0,N
3,500002,S,L,217195,2,0,0,0,02mar2022 09:50:03,0,T,1646194448528317575,0,N
3,500002,S,L,217210,11,0,0,0,02mar2022 09:50:03,0,T,1646194448528317574,0,N
3,500002,B,G,217150,2,0,34,0,02mar2022 09:50:03,0,T,1646194448528317581,0,N
3,500002,B,G,217145,2,0,36,0,02mar2022 09:50:03,0,T,1646194448528317581,0,N
3,500002,B,G,217155,2,0,32,0,02mar2022 09:50:03,0,T,1646194448528317581,0,N
3,500002,B,G,217165,10,0,22,0,02mar2022 09:50:03,0,T,1646194448528317581,0,N
3,500002,B,G,217185,1,0,21,0,02mar2022 09:50:03,0,T,1646194448528317581,0,N
3,500002,B,G,217195,1,0,20,0,02mar2022 09:50:03,0,T,1646194448528317581,0,N
3,500002,B,G,217195,2,0,18,0,02mar2022 09:50:03,0,T,1646194448528317581,0,N
3,500002,B,G,217210,11,0,7,0,02mar2022 09:50:03,0,T,1646194448528317581,0,N
3,500002,B,G,217235,1,0,6,0,02mar2022 09:50:03,0,T,1646194448528317581,0,N
3,500002,B,G,217260,4,0,2,0,02mar2022 09:50:03,0,T,1646194448528317581,0,N
3,500002,B,G,217265,2,0,0,0,02mar2022 09:50:03,0,T,1646194448528317581,0,N
3,500002,S,L,217235,1,0,0,0,02mar2022 09:50:11,0,T,1646194448528317747,0,N
3,500002,B,L,217250,11,12,0,0,02mar2022 09:50:11,3,T,1646194448528317764,0,N
3,500002,B,L,217235,1,12,11,0,02mar2022 09:50:11,3,T,1646194448528317764,0,N
3,500002,S,L,217250,11,0,4,0,02mar2022 09:50:11,4,T,1646194448528317703,0,N
3,500002,S,L,217250,4,0,0,0,02mar2022 09:50:11,4,T,1646194448528317703,0,N
3,500002,B,L,217250,4,12,8,0,02mar2022 09:50:11,3,T,1646194448528317765,0,N
3,500002,B,L,217255,8,12,0,0,02mar2022 09:50:11,3,T,1646194448528317765,0,N
3,500002,S,L,217255,8,0,1,0,02mar2022 09:50:11,0,T,1646194448528317751,0,N
3,500002,S,L,217305,8,0,0,0,02mar2022 09:50:11,0,T,1646194448528317749,0,N
3,500002,S,L,217300,9,0,0,0,02mar2022 09:50:11,0,T,1646194448528317725,0,N
3,500002,S,L,217275,1,0,0,0,02mar2022 09:50:11,0,T,1646194448528317731,0,N
3,500002,S,L,217255,1,0,0,0,02mar2022 09:50:11,0,T,1646194448528317751,0,N
3,500002,S,L,217270,10,10,0,0,02mar2022 09:50:11,0,T,1646194448528317745,0,N
3,500002,B,L,217265,1,50,48,0,02mar2022 09:50:11,3,T,1646194448528317766,0,N
3,500002,B,L,217270,10,50,38,0,02mar2022 09:50:11,3,T,1646194448528317766,0,N
3,500002,B,L,217275,1,50,37,0,02mar2022 09:50:11,3,T,1646194448528317766,0,N
3,500002,B,L,217300,9,50,28,0,02mar2022 09:50:11,3,T,1646194448528317766,0,N
3,500002,B,L,217255,1,50,49,0,02mar2022 09:50:11,3,T,1646194448528317766,0,N
3,500002,B,L,217305,8,50,20,0,02mar2022 09:50:11,3,T,1646194448528317766,0,N
3,500002,S,L,217265,1,1,0,0,02mar2022 09:50:11,0,T,1646194448528317763,0,N
3,500002,S,L,217500,2,0,0,0,02mar2022 09:50:48,0,T,1646194448528317434,0,N
3,500002,B,L,217500,2,21,19,0,02mar2022 09:50:48,3,T,1646194448528317939,0,N
3,500002,S,L,217515,1,0,0,0,02mar2022 09:50:51,0,T,1646194448528317806,0,N
3,500002,B,L,217515,1,0,0,0,02mar2022 09:50:51,3,T,1646194448528317948,0,N
3,500002,B,L,217555,2,0,0,0,02mar2022 09:50:51,3,T,1646194448528317950,0,N
3,500002,S,L,217555,2,0,0,0,02mar2022 09:50:51,0,T,1646194448528317797,0,N
3,500002,S,L,217570,11,0,0,0,02mar2022 09:50:51,0,T,1646194448528317785,0,N
3,500002,B,L,217570,11,0,2,0,02mar2022 09:50:51,3,T,1646194448528317951,0,N
3,500002,B,L,217595,1,0,0,0,02mar2022 09:50:51,3,T,1646194448528317953,0,N
3,500002,S,L,217595,1,0,0,0,02mar2022 09:50:51,0,T,1646194448528317798,0,N
3,500002,S,L,217835,2,0,0,0,02mar2022 09:51:09,0,T,1646194448528317801,0,N
3,500002,S,L,217870,1,0,1,0,02mar2022 09:51:09,0,T,1646194448528317998,0,N
3,500002,B,G,217835,2,0,1,0,02mar2022 09:51:09,0,T,1646194448528318019,0,N
3,500002,B,G,217870,1,0,0,0,02mar2022 09:51:09,0,T,1646194448528318019,0,N
3,500002,S,L,217875,1,0,0,0,02mar2022 09:51:28,0,T,1646194448528317802,0,N
3,500002,S,L,217870,1,0,0,0,02mar2022 09:51:28,0,T,1646194448528317998,0,N
3,500002,B,L,217875,1,0,0,0,02mar2022 09:51:28,3,T,1646194448528318062,0,N
3,500002,B,L,217870,1,0,1,0,02mar2022 09:51:28,3,T,1646194448528318062,0,N
3,500002,B,L,217915,2,0,15,0,02mar2022 09:51:28,3,T,1646194448528318063,0,N
3,500002,B,L,217890,13,0,17,0,02mar2022 09:51:28,3,T,1646194448528318063,0,N
3,500002,S,L,217890,13,13,0,0,02mar2022 09:51:28,0,T,1646194448528163817,0,N
3,500002,S,L,217915,2,0,0,0,02mar2022 09:51:28,0,T,1646194448528317803,0,N
3,500002,B,L,218000,1,0,0,0,02mar2022 09:51:43,3,T,1646194448528542106,0,N
3,500002,S,L,218000,1,5,4,0,02mar2022 09:51:43,0,T,1646193664720785189,0,N
3,500002,S,L,218000,1,5,3,0,02mar2022 09:51:45,0,T,1646193664720785189,0,N
3,500002,B,L,218000,1,0,0,0,02mar2022 09:51:45,3,T,1646194448528542117,0,N
3,500002,S,L,218000,3,5,0,0,02mar2022 09:51:45,0,T,1646193664720785189,0,N
3,500002,B,L,218000,3,4,1,0,02mar2022 09:51:45,3,T,1646194448528542120,0,N
3,500002,B,L,218355,6,6,0,0,02mar2022 09:52:06,3,T,1646194448528542318,0,N
3,500002,S,L,218355,6,2,8,0,02mar2022 09:52:06,4,T,1646194448528318075,0,N
3,500002,S,L,218400,20,20,0,0,02mar2022 09:52:15,4,T,1646193031025734665,0,N
3,500002,B,L,218400,20,0,0,0,02mar2022 09:52:15,3,T,1646194448528542399,0,N
3,500002,B,L,218435,2,0,0,0,02mar2022 09:52:15,3,T,1646194448528542400,0,N
3,500002,S,L,218435,2,0,0,0,02mar2022 09:52:15,0,T,1646194448528542389,0,N
3,500002,B,L,218320,1,1,0,0,02mar2022 09:52:28,0,T,1646194448528317893,0,N
3,500002,B,L,218320,15,0,0,0,02mar2022 09:52:28,4,T,1646194448528542435,0,N
3,500002,B,L,218315,17,17,0,0,02mar2022 09:52:28,0,T,1646194448528542446,0,N
3,500002,B,L,218300,5,18,13,0,02mar2022 09:52:28,0,T,1646194448528542445,0,N
3,500002,S,G,218320,15,0,23,0,02mar2022 09:52:28,0,T,1646194448528542467,0,N
3,500002,S,G,218320,1,0,22,0,02mar2022 09:52:28,0,T,1646194448528542467,0,N
3,500002,S,G,218315,17,0,5,0,02mar2022 09:52:28,0,T,1646194448528542467,0,N
3,500002,S,G,218300,5,0,0,0,02mar2022 09:52:28,0,T,1646194448528542467,0,N
3,500002,S,L,218330,15,0,7,0,02mar2022 09:52:56,3,T,1646194448528542549,0,N
3,500002,B,L,218330,15,0,0,0,02mar2022 09:52:56,4,T,1646194448528542547,0,N
3,500002,B,L,218300,4,0,16,0,02mar2022 09:53:02,0,T,1646194448528542598,0,N
3,500002,S,L,218300,4,4,0,0,02mar2022 09:53:02,3,T,1646194448528542642,0,N
3,500002,B,L,218300,16,0,0,0,02mar2022 09:53:02,0,T,1646194448528542598,0,N
3,500002,S,L,218300,16,0,4,0,02mar2022 09:53:02,3,T,1646194448528542643,0,N
3,500002,S,L,217985,7,7,0,0,02mar2022 09:53:37,3,T,1646194448528643734,0,N
3,500002,B,L,217985,7,0,8,0,02mar2022 09:53:37,4,T,1646194448528643714,0,N
3,500002,B,L,217985,7,0,1,0,02mar2022 09:53:37,4,T,1646194448528643714,0,N
3,500002,S,L,217985,7,7,0,0,02mar2022 09:53:37,3,T,1646194448528643735,0,N
3,500002,S,L,217985,1,44,43,0,02mar2022 09:53:37,3,T,1646194448528643736,0,N
3,500002,B,L,217985,1,0,0,0,02mar2022 09:53:37,4,T,1646194448528643714,0,N
3,500002,S,L,217805,1,0,4,0,02mar2022 09:54:25,4,T,1646194448528644244,0,N
3,500002,S,L,217805,4,0,0,0,02mar2022 09:54:25,4,T,1646194448528644244,0,N
3,500002,B,L,217805,4,0,6,0,02mar2022 09:54:25,0,T,1646194448528644238,0,N
3,500002,B,L,217805,1,0,0,0,02mar2022 09:54:25,0,T,1646194448528644236,0,N
3,500002,B,L,218005,2,0,0,0,02mar2022 09:55:31,0,T,1646194448528644496,0,N
3,500002,S,L,218005,2,6,4,0,02mar2022 09:55:31,3,T,1646194448528644511,0,N
3,500002,S,G,217855,2,2,0,0,02mar2022 09:55:39,4,T,1646194448528644554,0,N
3,500002,B,L,217855,2,19,17,0,02mar2022 09:55:39,0,T,1646194448528644545,0,N
3,500002,B,L,218085,2,11,9,0,02mar2022 09:57:02,0,T,1646194448528809290,0,N
3,500002,S,L,218085,1,3,2,0,02mar2022 09:57:02,3,T,1646194448528809336,0,N
3,500002,S,L,218085,2,3,0,0,02mar2022 09:57:02,3,T,1646194448528809336,0,N
3,500002,B,L,218085,1,0,0,0,02mar2022 09:57:02,0,T,1646194448528809284,0,N
3,500002,S,L,218085,3,3,0,0,02mar2022 09:57:02,3,T,1646194448528809337,0,N
3,500002,B,L,218085,3,11,6,0,02mar2022 09:57:02,0,T,1646194448528809290,0,N
3,500002,B,L,218085,3,11,3,0,02mar2022 09:57:02,0,T,1646194448528809290,0,N
3,500002,S,L,218085,3,3,0,0,02mar2022 09:57:02,3,T,1646194448528809338,0,N
3,500002,S,L,218085,3,40,37,0,02mar2022 09:57:02,3,T,1646194448528809339,0,N
3,500002,B,L,218085,3,11,0,0,02mar2022 09:57:02,0,T,1646194448528809290,0,N
3,500002,B,L,218045,1,0,0,0,02mar2022 09:57:02,0,T,1646194448528809285,0,N
3,500002,S,L,218045,1,0,0,0,02mar2022 09:57:02,3,T,1646194448528809347,0,N
3,500002,S,L,217965,1,16,15,0,02mar2022 09:57:04,3,T,1646194448528809356,0,N
3,500002,S,L,217925,2,16,1,0,02mar2022 09:57:04,3,T,1646194448528809356,0,N
3,500002,S,L,217940,12,16,3,0,02mar2022 09:57:04,3,T,1646194448528809356,0,N
3,500002,B,L,217925,2,0,0,0,02mar2022 09:57:04,0,T,1646194448528644573,0,N
3,500002,B,L,217940,12,0,0,0,02mar2022 09:57:04,0,T,1646194448528809351,0,N
3,500002,B,L,217965,1,0,0,0,02mar2022 09:57:04,0,T,1646194448528809238,0,N
3,500002,B,L,217850,8,0,0,0,02mar2022 09:57:04,0,T,1646194448528644526,0,N
3,500002,B,L,217845,2,0,0,0,02mar2022 09:57:04,0,T,1646194448528644285,0,N
3,500002,B,L,217805,2,0,0,0,02mar2022 09:57:04,0,T,1646194448528644248,0,N
3,500002,B,L,217765,1,0,0,0,02mar2022 09:57:04,0,T,1646194448528644231,0,N
3,500002,B,L,217725,2,0,0,0,02mar2022 09:57:04,0,T,1646194448528644229,0,N
3,500002,S,L,217850,8,0,121,0,02mar2022 09:57:04,3,T,1646194448528809363,0,N
3,500002,S,L,217845,2,0,119,0,02mar2022 09:57:04,3,T,1646194448528809363,0,N
3,500002,S,L,217805,2,0,117,0,02mar2022 09:57:04,3,T,1646194448528809363,0,N
3,500002,S,L,217805,25,0,92,0,02mar2022 09:57:04,3,T,1646194448528809363,0,N
3,500002,S,L,217800,17,0,75,0,02mar2022 09:57:04,3,T,1646194448528809363,0,N
3,500002,S,L,217765,1,0,74,0,02mar2022 09:57:04,3,T,1646194448528809363,0,N
3,500002,S,L,217725,2,0,72,0,02mar2022 09:57:04,3,T,1646194448528809363,0,N
3,500002,B,L,217800,17,17,0,0,02mar2022 09:57:04,0,T,1646194448528644595,0,N
3,500002,B,L,217805,25,0,0,0,02mar2022 09:57:04,4,T,1646194448528644567,0,N
3,500002,B,L,217695,5,1,0,0,02mar2022 09:57:04,4,T,1646193031025734119,0,N
3,500002,S,L,217695,5,0,127,0,02mar2022 09:57:04,3,T,1646194448528809364,0,N
3,500002,S,L,217770,9,0,0,0,02mar2022 09:57:04,3,T,1646194448528809368,0,N
3,500002,B,L,217770,9,0,37,0,02mar2022 09:57:04,0,T,1646194448528809367,0,N
3,500002,S,L,217900,2,0,0,0,02mar2022 09:57:17,3,T,1646194448528809654,0,N
3,500002,B,L,217900,2,2,18,0,02mar2022 09:57:17,0,T,1646194448528809525,0,N
3,500002,B,L,217900,1,2,17,0,02mar2022 09:57:17,0,T,1646194448528809525,0,N
3,500002,S,L,217900,1,1,0,0,02mar2022 09:57:17,3,T,1646194448528809656,0,N
3,500002,S,L,217900,1,1,0,0,02mar2022 09:57:17,3,T,1646194448528809657,0,N
3,500002,B,L,217900,1,2,16,0,02mar2022 09:57:17,0,T,1646194448528809525,0,N
3,500002,B,L,217900,5,2,11,0,02mar2022 09:57:17,0,T,1646194448528809525,0,N
3,500002,S,L,217900,5,5,0,0,02mar2022 09:57:17,3,T,1646194448528809658,0,N
3,500002,S,L,217900,1,1,0,0,02mar2022 09:57:17,3,T,1646194448528809659,0,N
3,500002,B,L,217900,1,2,10,0,02mar2022 09:57:17,0,T,1646194448528809525,0,N
3,500002,B,L,217900,10,2,0,0,02mar2022 09:57:17,0,T,1646194448528809525,0,N
3,500002,S,L,217900,10,0,14,0,02mar2022 09:57:17,3,T,1646194448528809660,0,N
3,500002,S,L,217805,2,0,12,0,02mar2022 09:57:17,3,T,1646194448528809660,0,N
3,500002,B,L,217805,2,0,0,0,02mar2022 09:57:17,0,T,1646194448528809639,0,N
3,500002,B,L,217130,4,0,6,0,02mar2022 10:00:19,0,T,1646194448528927646,0,N
3,500002,B,L,217135,2,0,0,0,02mar2022 10:00:19,0,T,1646194448528927671,0,N
3,500002,S,L,217130,4,6,0,0,02mar2022 10:00:19,3,T,1646194448528927680,0,N
3,500002,S,L,217135,2,6,4,0,02mar2022 10:00:19,3,T,1646194448528927680,0,N
3,500002,S,L,217130,6,6,0,0,02mar2022 10:00:19,3,T,1646194448528927681,0,N
3,500002,B,L,217130,6,0,0,0,02mar2022 10:00:19,0,T,1646194448528927646,0,N
3,500002,B,L,217125,2,0,0,0,02mar2022 10:00:19,0,T,1646194448528927588,0,N
3,500002,S,L,217125,2,6,4,0,02mar2022 10:00:19,3,T,1646194448528927685,0,N
3,500002,S,L,217095,2,9,5,0,02mar2022 10:00:19,3,T,1646194448528927694,0,N
3,500002,S,L,217100,2,9,7,0,02mar2022 10:00:19,3,T,1646194448528927694,0,N
3,500002,B,L,217100,2,0,0,0,02mar2022 10:00:19,0,T,1646194448528927674,0,N
3,500002,B,L,217095,2,0,0,0,02mar2022 10:00:19,0,T,1646194448528927673,0,N
3,500002,B,L,217205,1,0,0,0,02mar2022 10:05:13,0,T,1646195412043062952,0,N
3,500002,S,L,217205,1,6,5,0,02mar2022 10:05:13,3,T,1646195412043062959,0,N
3,500002,B,L,217135,2,15,13,0,02mar2022 10:05:56,0,T,1646195412043063021,0,N
3,500002,B,L,217165,2,0,0,0,02mar2022 10:05:56,0,T,1646195412043063052,0,N
3,500002,B,L,217175,9,0,0,0,02mar2022 10:05:56,0,T,1646195412043063051,0,N
3,500002,B,L,217205,2,0,0,0,02mar2022 10:05:56,0,T,1646195412043063050,0,N
3,500002,S,G,217135,2,15,0,0,02mar2022 10:05:56,4,T,1646195412043063101,0,N
3,500002,S,G,217165,2,15,2,0,02mar2022 10:05:56,4,T,1646195412043063101,0,N
3,500002,S,G,217175,9,15,4,0,02mar2022 10:05:56,4,T,1646195412043063101,0,N
3,500002,S,G,217205,2,15,13,0,02mar2022 10:05:56,4,T,1646195412043063101,0,N
3,500002,S,L,217000,25,0,0,0,02mar2022 10:06:09,3,T,1646195412043063154,0,N
3,500002,B,L,217000,25,25,0,0,02mar2022 10:06:09,4,T,1646194448528809647,0,N
3,500002,B,L,216770,8,0,0,0,02mar2022 10:06:15,0,T,1646194448528809816,0,N
3,500002,B,L,216725,9,0,1,0,02mar2022 10:06:15,0,T,1646194448528809823,0,N
3,500002,S,G,216725,9,35,0,0,02mar2022 10:06:15,4,T,1646195412043063188,0,N
3,500002,S,G,216770,8,35,9,0,02mar2022 10:06:15,4,T,1646195412043063188,0,N
3,500002,S,G,216775,18,35,17,0,02mar2022 10:06:15,4,T,1646195412043063188,0,N
3,500002,B,L,216775,18,18,0,0,02mar2022 10:06:15,0,T,1646195412043063178,0,N
3,500002,B,L,216850,6,18,12,0,02mar2022 10:06:37,0,T,1646195412043063253,0,N
3,500002,S,L,216850,6,6,0,0,02mar2022 10:06:37,3,T,1646195412043063299,0,N
3,500002,S,L,216810,8,8,0,0,02mar2022 10:06:39,3,T,1646195412043239220,0,N
3,500002,B,L,216810,8,18,10,0,02mar2022 10:06:39,0,T,1646195412043063208,0,N
3,500002,B,L,216810,8,18,2,0,02mar2022 10:06:39,0,T,1646195412043063208,0,N
3,500002,S,L,216810,8,8,0,0,02mar2022 10:06:39,3,T,1646195412043239221,0,N
3,500002,S,L,216810,2,8,6,0,02mar2022 10:06:39,3,T,1646195412043239224,0,N
3,500002,B,L,216810,2,18,0,0,02mar2022 10:06:39,0,T,1646195412043063208,0,N
3,500002,B,L,216695,10,17,7,0,02mar2022 10:07:32,0,T,1646195412043239309,0,N
3,500002,S,L,216695,10,0,0,0,02mar2022 10:07:32,4,T,1646191800008003053,0,N
3,500002,S,L,216940,12,0,0,0,02mar2022 10:09:21,0,T,1646195412043239397,0,N
3,500002,S,L,216915,1,0,0,0,02mar2022 10:09:21,0,T,1646195412043239396,0,N
3,500002,B,L,216905,15,0,33,0,02mar2022 10:09:21,3,T,1646195412043239409,0,N
3,500002,B,L,216915,1,0,32,0,02mar2022 10:09:21,3,T,1646195412043239409,0,N
3,500002,B,L,216940,12,0,20,0,02mar2022 10:09:21,3,T,1646195412043239409,0,N
3,500002,S,L,216905,15,0,0,0,02mar2022 10:09:21,4,T,1646195412043239407,0,N
3,500002,B,L,216985,9,0,0,0,02mar2022 10:09:21,3,T,1646195412043239410,0,N
3,500002,B,L,216955,2,0,9,0,02mar2022 10:09:21,3,T,1646195412043239410,0,N
3,500002,S,L,216985,9,0,0,0,02mar2022 10:09:21,0,T,1646195412043239377,0,N
3,500002,S,L,216955,2,0,0,0,02mar2022 10:09:21,0,T,1646195412043239280,0,N
3,500002,S,L,217700,2,0,0,0,02mar2022 10:09:45,0,T,1646195412043239674,0,N
3,500002,B,G,217700,2,0,0,0,02mar2022 10:09:45,0,T,1646195412043239741,0,N
3,500002,S,L,217605,2,8,6,0,02mar2022 10:10:42,3,T,1646195412043239933,0,N
3,500002,S,L,217565,1,8,5,0,02mar2022 10:10:42,3,T,1646195412043239933,0,N
3,500002,B,L,217565,1,1,0,0,02mar2022 10:10:42,0,T,1646195412043063163,0,N
3,500002,B,L,217605,2,2,0,0,02mar2022 10:10:42,0,T,1646195412043063162,0,N
3,500002,S,L,217840,8,0,0,0,02mar2022 10:11:48,0,T,1646195412043239931,0,N
3,500002,B,L,217840,8,0,0,0,02mar2022 10:11:48,3,T,1646195412043239999,0,N
3,500002,B,L,218270,1,0,0,0,02mar2022 10:14:52,3,T,1646195412043426302,0,N
3,500002,S,L,218270,1,18,17,0,02mar2022 10:14:52,0,T,1646195412043426298,0,N
3,500002,S,L,218035,4,4,0,0,02mar2022 10:15:11,3,T,1646195412043426396,0,N
3,500002,B,L,218035,4,0,11,0,02mar2022 10:15:11,4,T,1646195412043426331,0,N
3,500002,B,L,218035,1,0,14,0,02mar2022 10:15:37,4,T,1646195412043426423,0,N
3,500002,S,G,218035,1,0,0,0,02mar2022 10:15:37,0,T,1646195412043426428,0,N
3,500002,S,G,218045,1,0,1,0,02mar2022 10:15:37,0,T,1646195412043426428,0,N
3,500002,B,L,218045,1,0,0,0,02mar2022 10:15:37,0,T,1646195412043426422,0,N
3,500002,B,L,217940,2,0,6,0,02mar2022 10:16:59,0,T,1646195412043426527,0,N
3,500002,S,G,217940,16,0,2,0,02mar2022 10:16:59,0,T,1646195412043426533,0,N
3,500002,S,G,217940,2,0,0,0,02mar2022 10:16:59,0,T,1646195412043426533,0,N
3,500002,B,L,217940,16,16,0,0,02mar2022 10:16:59,0,T,1646195412043426483,0,N
3,500002,S,L,218365,3,3,0,0,02mar2022 10:18:44,0,T,1646195412043426019,0,N
3,500002,S,L,218350,2,0,0,0,02mar2022 10:18:44,0,T,1646195412043426682,0,N
3,500002,S,L,218335,2,0,0,0,02mar2022 10:18:44,0,T,1646195412043426680,0,N
3,500002,B,L,218365,3,9,2,0,02mar2022 10:18:44,3,T,1646195412043426687,0,N
3,500002,B,L,218350,2,9,5,0,02mar2022 10:18:44,3,T,1646195412043426687,0,N
3,500002,B,L,218335,2,9,7,0,02mar2022 10:18:44,3,T,1646195412043426687,0,N
3,500002,B,L,218080,15,0,0,0,02mar2022 10:19:01,4,T,1646195412043426706,0,N
3,500002,B,L,218075,3,0,7,0,02mar2022 10:19:01,0,T,1646195412043426722,0,N
3,500002,S,G,218075,3,0,0,0,02mar2022 10:19:01,0,T,1646195412043426729,0,N
3,500002,S,G,218080,15,0,3,0,02mar2022 10:19:01,0,T,1646195412043426729,0,N
3,500002,B,L,218105,16,16,0,0,02mar2022 10:19:39,0,T,1646195412043426749,0,N
3,500002,S,L,218105,16,0,12,0,02mar2022 10:19:39,3,T,1646195412043426771,0,N
3,500002,B,L,217890,16,16,0,0,02mar2022 10:19:39,0,T,1646195412043426738,0,N
3,500002,B,L,217965,3,1,0,0,02mar2022 10:19:39,4,T,1646194448528809442,0,N
3,500002,S,L,217890,16,0,55,0,02mar2022 10:19:39,3,T,1646195412043426780,0,N
3,500002,S,L,217965,3,0,71,0,02mar2022 10:19:39,3,T,1646195412043426780,0,N
3,500002,B,L,217930,12,12,0,0,02mar2022 10:20:48,0,T,1646195412043662494,0,N
3,500002,S,L,217930,12,12,0,0,02mar2022 10:20:48,3,T,1646195412043662508,0,N
3,500002,S,L,217900,11,12,0,0,02mar2022 10:20:48,3,T,1646195412043662509,0,N
3,500002,S,L,217925,1,12,11,0,02mar2022 10:20:48,3,T,1646195412043662509,0,N
3,500002,B,L,217900,11,16,5,0,02mar2022 10:20:48,0,T,1646195412043662446,0,N
3,500002,B,L,217925,1,0,0,0,02mar2022 10:20:48,0,T,1646195412043662491,0,N
3,500002,B,L,217900,5,16,0,0,02mar2022 10:20:48,0,T,1646195412043662446,0,N
3,500002,S,L,217900,5,12,7,0,02mar2022 10:20:48,3,T,1646195412043662512,0,N
3,500002,B,L,217125,8,24,0,0,02mar2022 10:22:20,3,T,1646195412043663240,0,N
3,500002,B,L,217115,16,24,8,0,02mar2022 10:22:20,3,T,1646195412043663240,0,N
3,500002,S,L,217115,16,16,0,0,02mar2022 10:22:20,0,T,1646195412043663194,0,N
3,500002,S,L,217125,8,0,7,0,02mar2022 10:22:20,4,T,1646195412043663215,0,N
3,500002,S,L,217125,7,0,0,0,02mar2022 10:22:20,4,T,1646195412043663215,0,N
3,500002,S,L,217130,16,16,0,0,02mar2022 10:22:20,0,T,1646195412043663179,0,N
3,500002,B,L,217125,7,24,17,0,02mar2022 10:22:20,3,T,1646195412043663241,0,N
3,500002,B,L,217130,16,24,1,0,02mar2022 10:22:20,3,T,1646195412043663241,0,N
3,500002,B,L,217195,1,24,0,0,02mar2022 10:22:20,3,T,1646195412043663241,0,N
3,500002,S,L,217195,1,0,1,0,02mar2022 10:22:20,0,T,1646195412043663216,0,N
3,500002,S,L,217235,2,2,0,0,02mar2022 10:22:20,0,T,1646195412043426700,0,N
3,500002,S,L,217210,10,10,0,0,02mar2022 10:22:20,0,T,1646195412043240135,0,N
3,500002,S,L,217255,9,9,0,0,02mar2022 10:22:20,0,T,1646195412043240138,0,N
3,500002,S,L,217195,1,0,0,0,02mar2022 10:22:20,0,T,1646195412043663216,0,N
3,500002,B,L,217235,2,24,11,0,02mar2022 10:22:20,3,T,1646195412043663242,0,N
3,500002,B,L,217195,1,24,23,0,02mar2022 10:22:20,3,T,1646195412043663242,0,N
3,500002,B,L,217210,10,24,13,0,02mar2022 10:22:20,3,T,1646195412043663242,0,N
3,500002,B,L,217260,2,24,0,0,02mar2022 10:22:20,3,T,1646195412043663242,0,N
3,500002,B,L,217255,9,24,2,0,02mar2022 10:22:20,3,T,1646195412043663242,0,N
3,500002,S,L,217260,2,1,1,0,02mar2022 10:22:20,4,T,1646193664720055070,0,N
3,500002,S,L,217260,1,1,0,0,02mar2022 10:22:20,4,T,1646193664720055070,0,N
3,500002,B,L,217260,1,24,23,0,02mar2022 10:22:20,3,T,1646195412043663243,0,N
3,500002,B,L,217275,1,24,22,0,02mar2022 10:22:20,3,T,1646195412043663243,0,N
3,500002,B,L,217300,12,24,10,0,02mar2022 10:22:20,3,T,1646195412043663243,0,N
3,500002,S,L,217275,1,1,0,0,02mar2022 10:22:20,0,T,1646195412043426686,0,N
3,500002,S,L,217300,12,12,0,0,02mar2022 10:22:20,0,T,1646195412043240139,0,N
3,500002,B,L,217350,15,0,59,0,02mar2022 10:22:20,3,T,1646195412043663245,0,N
3,500002,B,L,217350,18,0,41,0,02mar2022 10:22:20,3,T,1646195412043663245,0,N
3,500002,B,L,217440,16,0,25,0,02mar2022 10:22:20,3,T,1646195412043663245,0,N
3,500002,B,L,217440,3,0,22,0,02mar2022 10:22:20,3,T,1646195412043663245,0,N
3,500002,S,L,217350,18,18,0,0,02mar2022 10:22:20,0,T,1646195412043663077,0,N
3,500002,S,L,217350,15,15,0,0,02mar2022 10:22:20,0,T,1646195412043663013,0,N
3,500002,S,L,217440,16,16,0,0,02mar2022 10:22:20,0,T,1646195412043663009,0,N
3,500002,S,L,217440,3,1,0,0,02mar2022 10:22:20,4,T,1646193031025091326,0,N
3,500002,B,L,217290,8,0,108,0,02mar2022 10:22:20,3,T,1646195412043663256,0,N
3,500002,S,L,217290,8,0,0,0,02mar2022 10:22:20,4,T,1646195412043663251,0,N
3,500002,S,L,217575,1,0,20,0,02mar2022 10:22:20,4,T,1646195412043663250,0,N
3,500002,B,L,217575,1,0,0,0,02mar2022 10:22:20,3,T,1646195412043787431,0,N
3,500002,B,L,217795,1,0,0,0,02mar2022 10:22:31,3,T,1646195412043787570,0,N
3,500002,S,L,217795,1,1,2,0,02mar2022 10:22:31,4,T,1646194448528644529,0,N
3,500002,S,L,217795,1,1,1,0,02mar2022 10:22:31,4,T,1646194448528644529,0,N
3,500002,B,L,217795,1,0,0,0,02mar2022 10:22:31,3,T,1646195412043787573,0,N
3,500002,S,L,217880,10,10,0,0,02mar2022 10:23:05,3,T,1646195412043787788,0,N
3,500002,B,L,217880,10,2,5,0,02mar2022 10:23:05,0,T,1646195412043787782,0,N
3,500002,B,L,217880,5,2,0,0,02mar2022 10:23:05,0,T,1646195412043787782,0,N
3,500002,S,L,217880,5,10,5,0,02mar2022 10:23:05,3,T,1646195412043787789,0,N
3,500002,S,L,217845,2,0,0,0,02mar2022 10:24:09,3,T,1646195412043788058,0,N
3,500002,B,L,217845,2,0,0,0,02mar2022 10:24:09,0,T,1646195412043788054,0,N
3,500002,B,L,217820,1,0,0,0,02mar2022 10:24:09,0,T,1646195412043787933,0,N
3,500002,S,L,217820,1,0,0,0,02mar2022 10:24:09,3,T,1646195412043788060,0,N
3,500002,S,L,217805,7,7,0,0,02mar2022 10:24:09,3,T,1646195412043788061,0,N
3,500002,B,L,217805,7,0,3,0,02mar2022 10:24:09,0,T,1646195412043788045,0,N
3,500002,B,L,217805,1,0,2,0,02mar2022 10:24:09,0,T,1646195412043788045,0,N
3,500002,S,L,217805,1,1,0,0,02mar2022 10:24:09,3,T,1646195412043788062,0,N
3,500002,S,L,217805,1,1,0,0,02mar2022 10:24:09,3,T,1646195412043788063,0,N
3,500002,B,L,217805,1,0,1,0,02mar2022 10:24:09,0,T,1646195412043788045,0,N
3,500002,B,L,217805,1,0,1,0,02mar2022 10:24:09,0,T,1646195412043788047,0,N
3,500002,S,L,217805,1,1,0,0,02mar2022 10:24:09,3,T,1646195412043788064,0,N
3,500002,S,L,217805,1,1,0,0,02mar2022 10:24:09,3,T,1646195412043788065,0,N
3,500002,B,L,217805,1,0,0,0,02mar2022 10:24:09,0,T,1646195412043788047,0,N
3,500002,B,L,217880,15,0,59,0,02mar2022 10:25:40,3,T,1646195412043788340,0,N
3,500002,S,L,217880,15,0,0,0,02mar2022 10:25:40,4,T,1646195412043788338,0,N
3,500002,B,G,217795,1,1,0,0,02mar2022 10:27:21,0,T,1646195412043916153,0,N
3,500002,S,L,217795,1,0,0,0,02mar2022 10:27:21,0,T,1646195412043916152,0,N
3,500002,S,L,217515,2,0,0,0,02mar2022 10:28:13,0,T,1646195412043916406,0,N
3,500002,S,L,217525,3,0,8,0,02mar2022 10:28:13,0,T,1646195412043916412,0,N
3,500002,B,G,217525,3,5,0,0,02mar2022 10:28:13,0,T,1646195412043916423,0,N
3,500002,B,G,217515,2,5,3,0,02mar2022 10:28:13,0,T,1646195412043916423,0,N
3,500002,S,L,217480,1,0,9,0,02mar2022 10:29:21,0,T,1646195412043994301,0,N
3,500002,S,L,217475,2,0,0,0,02mar2022 10:29:21,0,T,1646195412043916697,0,N
3,500002,S,L,217435,9,0,0,0,02mar2022 10:29:21,0,T,1646195412043994300,0,N
3,500002,S,L,217435,1,0,0,0,02mar2022 10:29:21,0,T,1646195412043916695,0,N
3,500002,S,L,217395,2,0,0,0,02mar2022 10:29:21,0,T,1646195412043994328,0,N
3,500002,B,L,217480,1,0,0,0,02mar2022 10:29:21,4,T,1646195412043994341,0,N
3,500002,B,L,217475,2,0,1,0,02mar2022 10:29:21,4,T,1646195412043994341,0,N
3,500002,B,L,217435,9,0,3,0,02mar2022 10:29:21,4,T,1646195412043994341,0,N
3,500002,B,L,217435,1,0,12,0,02mar2022 10:29:21,4,T,1646195412043994341,0,N
3,500002,B,L,217395,2,0,13,0,02mar2022 10:29:21,4,T,1646195412043994341,0,N
3,500002,B,L,217325,13,13,0,0,02mar2022 10:29:57,0,T,1646195412043994578,0,N
3,500002,B,L,217335,13,13,0,0,02mar2022 10:29:57,0,T,1646195412043994585,0,N
3,500002,B,L,217340,15,0,0,0,02mar2022 10:29:57,4,T,1646195412043994573,0,N
3,500002,S,G,217340,15,55,40,0,02mar2022 10:29:57,0,T,1646195412043994588,0,N
3,500002,S,G,217335,13,55,27,0,02mar2022 10:29:57,0,T,1646195412043994588,0,N
3,500002,S,G,217310,11,55,1,0,02mar2022 10:29:57,0,T,1646195412043994588,0,N
3,500002,S,G,217285,1,55,0,0,02mar2022 10:29:57,0,T,1646195412043994588,0,N
3,500002,S,G,217325,2,55,25,0,02mar2022 10:29:57,0,T,1646195412043994588,0,N
3,500002,S,G,217325,13,55,12,0,02mar2022 10:29:57,0,T,1646195412043994588,0,N
3,500002,B,L,217325,2,0,0,0,02mar2022 10:29:57,0,T,1646195412043994570,0,N
3,500002,B,L,217285,1,0,1,0,02mar2022 10:29:57,0,T,1646195412043994553,0,N
3,500002,B,L,217310,11,0,0,0,02mar2022 10:29:57,0,T,1646195412043994572,0,N
3,500002,B,L,217325,1,0,0,0,02mar2022 10:30:14,0,T,1646195412043994589,0,N
3,500002,S,L,217325,1,0,0,0,02mar2022 10:30:14,3,T,1646195412043994608,0,N
3,500002,B,L,217025,1,2,15,0,02mar2022 10:31:01,4,T,1646195412043915833,0,N
3,500002,B,L,217085,3,1,0,0,02mar2022 10:31:01,4,T,1646194448528542680,0,N
3,500002,B,L,217040,11,0,0,0,02mar2022 10:31:01,0,T,1646195412043994675,0,N
3,500002,B,L,217045,2,0,0,0,02mar2022 10:31:01,0,T,1646195412043994668,0,N
3,500002,B,L,217070,2,2,0,0,02mar2022 10:31:01,0,T,1646195412043994711,0,N
3,500002,B,L,217085,1,0,0,0,02mar2022 10:31:01,0,T,1646195412043994666,0,N
3,500002,B,L,217085,11,0,0,0,02mar2022 10:31:01,0,T,1646195412043994665,0,N
3,500002,B,L,217125,1,0,0,0,02mar2022 10:31:01,0,T,1646195412043994712,0,N
3,500002,S,G,217085,1,32,19,0,02mar2022 10:31:01,0,T,1646195412043994722,0,N
3,500002,S,G,217085,3,32,16,0,02mar2022 10:31:01,0,T,1646195412043994722,0,N
3,500002,S,G,217070,2,32,14,0,02mar2022 10:31:01,0,T,1646195412043994722,0,N
3,500002,S,G,217045,2,32,12,0,02mar2022 10:31:01,0,T,1646195412043994722,0,N
3,500002,S,G,217040,11,32,1,0,02mar2022 10:31:01,0,T,1646195412043994722,0,N
3,500002,S,G,217025,1,32,0,0,02mar2022 10:31:01,0,T,1646195412043994722,0,N
3,500002,S,G,217085,11,32,20,0,02mar2022 10:31:01,0,T,1646195412043994722,0,N
3,500002,S,G,217125,1,32,31,0,02mar2022 10:31:01,0,T,1646195412043994722,0,N
3,500002,B,L,217845,1,0,0,0,02mar2022 10:32:36,3,T,1646195412043995086,0,N
3,500002,S,L,217845,1,1,8,0,02mar2022 10:32:36,4,T,1646195412043994922,0,N
3,500002,S,L,217845,8,1,0,0,02mar2022 10:32:36,4,T,1646195412043994922,0,N
3,500002,B,L,217845,8,0,66,0,02mar2022 10:32:36,3,T,1646195412043995087,0,N
3,500002,S,L,217895,4,5,1,0,02mar2022 10:36:04,0,T,1646195412043995264,0,N
3,500002,B,L,217895,4,4,0,0,02mar2022 10:36:04,3,T,1646197155259149864,0,N
3,500002,S,L,217895,1,5,0,0,02mar2022 10:36:04,0,T,1646195412043995264,0,N
3,500002,B,L,217895,1,0,0,0,02mar2022 10:36:04,3,T,1646197155259149869,0,N
3,500002,S,L,218335,9,0,0,0,02mar2022 10:36:50,0,T,1646197155259149902,0,N
3,500002,S,L,218315,2,0,0,0,02mar2022 10:36:50,0,T,1646195412043787917,0,N
3,500002,S,L,218235,2,0,0,0,02mar2022 10:36:50,0,T,1646197155259150090,0,N
3,500002,S,L,218245,8,0,0,0,02mar2022 10:36:50,0,T,1646197155259150091,0,N
3,500002,S,L,218270,1,0,0,0,02mar2022 10:36:50,0,T,1646197155259150076,0,N
3,500002,S,L,218275,2,0,0,0,02mar2022 10:36:50,0,T,1646197155259149952,0,N
3,500002,S,L,218290,9,0,0,0,02mar2022 10:36:50,0,T,1646197155259149951,0,N
3,500002,S,L,218270,12,12,0,0,02mar2022 10:36:50,0,T,1646197155259150084,0,N
3,500002,S,L,218230,12,12,0,0,02mar2022 10:36:50,0,T,1646197155259150095,0,N
3,500002,S,L,218340,3,18,15,0,02mar2022 10:36:50,0,T,1646195412043787907,0,N
3,500002,B,G,218270,12,60,25,0,02mar2022 10:36:50,0,T,1646197155259150096,0,N
3,500002,B,G,218270,1,60,37,0,02mar2022 10:36:50,0,T,1646197155259150096,0,N
3,500002,B,G,218275,2,60,23,0,02mar2022 10:36:50,0,T,1646197155259150096,0,N
3,500002,B,G,218245,8,60,38,0,02mar2022 10:36:50,0,T,1646197155259150096,0,N
3,500002,B,G,218230,12,60,48,0,02mar2022 10:36:50,0,T,1646197155259150096,0,N
3,500002,B,G,218290,9,60,14,0,02mar2022 10:36:50,0,T,1646197155259150096,0,N
3,500002,B,G,218340,3,60,0,0,02mar2022 10:36:50,0,T,1646197155259150096,0,N
3,500002,B,G,218335,9,60,3,0,02mar2022 10:36:50,0,T,1646197155259150096,0,N
3,500002,B,G,218315,2,60,12,0,02mar2022 10:36:50,0,T,1646197155259150096,0,N
3,500002,B,G,218235,2,60,46,0,02mar2022 10:36:50,0,T,1646197155259150096,0,N
3,500002,B,L,218530,10,0,28,0,02mar2022 10:38:07,3,T,1646197155259150452,0,N
3,500002,S,L,218530,10,0,0,0,02mar2022 10:38:07,4,T,1646197155259150443,0,N
3,500002,B,L,218610,16,0,12,0,02mar2022 10:38:07,3,T,1646197155259150457,0,N
3,500002,S,L,218610,16,16,0,0,02mar2022 10:38:07,0,T,1646195412043426368,0,N
3,500002,B,L,218700,5,6,1,0,02mar2022 10:39:32,3,T,1646197155259150593,0,N
3,500002,B,L,218730,1,6,0,0,02mar2022 10:39:32,3,T,1646197155259150593,0,N
3,500002,S,L,218730,1,5,0,0,02mar2022 10:39:32,0,T,1646193031025233179,0,N
3,500002,S,L,218700,5,0,0,0,02mar2022 10:39:32,4,T,1646194448528810093,0,N
3,500002,S,L,218795,2,0,0,0,02mar2022 10:39:32,0,T,1646197155259150228,0,N
3,500002,B,L,218795,2,0,0,0,02mar2022 10:39:32,3,T,1646197155259150602,0,N
3,500002,S,L,218915,1,0,14,0,02mar2022 10:39:48,4,T,1646197155259150634,0,N
3,500002,B,L,218915,1,0,0,0,02mar2022 10:39:48,3,T,1646197155259150662,0,N
3,500002,B,L,219000,1,0,0,0,02mar2022 10:40:31,3,T,1646197155259279019,0,N
3,500002,S,L,219000,1,5,9,0,02mar2022 10:40:31,4,T,1646193031025233297,0,N
3,500002,S,L,219000,1,5,8,0,02mar2022 10:40:31,4,T,1646193031025233297,0,N
3,500002,B,L,219000,1,0,0,0,02mar2022 10:40:31,3,T,1646197155259279020,0,N
3,500002,B,L,219000,1,0,0,0,02mar2022 10:40:33,3,T,1646197155259279025,0,N
3,500002,S,L,219000,1,5,7,0,02mar2022 10:40:33,4,T,1646193031025233297,0,N
3,500002,S,L,218995,1,0,2,0,02mar2022 10:40:38,0,T,1646197155259279026,0,N
3,500002,B,L,218995,1,0,0,0,02mar2022 10:40:38,3,T,1646197155259279029,0,N
3,500002,B,L,218995,1,0,0,0,02mar2022 10:40:42,3,T,1646197155259279052,0,N
3,500002,S,L,218995,1,0,1,0,02mar2022 10:40:42,0,T,1646197155259279026,0,N
3,500002,S,L,218995,1,0,0,0,02mar2022 10:40:55,0,T,1646197155259279026,0,N
3,500002,B,L,218995,1,0,0,0,02mar2022 10:40:55,3,T,1646197155259279093,0,N
3,500002,S,L,219000,1,5,6,0,02mar2022 10:40:58,4,T,1646193031025233297,0,N
3,500002,B,L,219000,1,1,0,0,02mar2022 10:40:58,3,T,1646197155259279097,0,N
3,500002,S,L,219000,1,5,5,0,02mar2022 10:40:58,4,T,1646193031025233297,0,N
3,500002,B,L,219000,1,1,0,0,02mar2022 10:40:58,3,T,1646197155259279104,0,N
3,500002,B,L,219000,4,0,0,0,02mar2022 10:40:58,3,T,1646197155259279108,0,N
3,500002,S,L,219000,4,5,1,0,02mar2022 10:40:58,4,T,1646193031025233297,0,N
3,500002,S,L,219000,1,5,0,0,02mar2022 10:40:58,4,T,1646193031025233297,0,N
3,500002,B,L,219000,1,5,4,0,02mar2022 10:40:58,3,T,1646197155259279109,0,N
3,500002,S,L,219100,1,20,19,0,02mar2022 10:40:58,4,T,1646194448528809912,0,N
3,500002,B,L,219100,1,0,0,0,02mar2022 10:40:58,4,T,1646197155259279110,0,N
3,500002,B,L,219100,1,0,0,0,02mar2022 10:40:58,4,T,1646197155259279112,0,N
3,500002,S,L,219100,1,20,18,0,02mar2022 10:40:58,4,T,1646194448528809912,0,N
3,500002,S,L,219100,14,20,4,0,02mar2022 10:40:58,4,T,1646194448528809912,0,N
3,500002,B,L,219100,14,0,0,0,02mar2022 10:40:58,3,T,1646197155259279132,0,N
3,500002,B,L,219100,4,0,10,0,02mar2022 10:40:58,3,T,1646197155259279134,0,N
3,500002,S,L,219100,4,20,0,0,02mar2022 10:40:58,4,T,1646194448528809912,0,N
3,500002,B,L,219455,1,0,0,0,02mar2022 10:41:15,3,T,1646197155259279243,0,N
3,500002,S,L,219455,1,0,14,0,02mar2022 10:41:15,4,T,1646197155259279209,0,N
3,500002,S,L,219500,15,0,0,0,02mar2022 10:41:44,4,T,1646197155259279333,0,N
3,500002,B,L,219500,15,0,59,0,02mar2022 10:41:44,3,T,1646197155259279337,0,N
3,500002,S,L,219360,6,6,0,0,02mar2022 10:42:44,3,T,1646197155259279449,0,N
3,500002,B,L,219360,6,0,9,0,02mar2022 10:42:44,4,T,1646197155259279445,0,N
3,500002,B,L,219360,6,0,3,0,02mar2022 10:42:44,4,T,1646197155259279445,0,N
3,500002,S,L,219360,6,0,0,0,02mar2022 10:42:44,3,T,1646197155259279450,0,N
3,500002,B,L,219360,3,0,0,0,02mar2022 10:42:44,4,T,1646197155259279445,0,N
3,500002,S,L,219360,3,6,3,0,02mar2022 10:42:44,3,T,1646197155259279452,0,N
3,500002,S,L,219345,3,6,0,0,02mar2022 10:42:44,3,T,1646197155259279452,0,N
3,500002,B,L,219345,3,14,11,0,02mar2022 10:42:44,0,T,1646197155259279417,0,N
3,500002,B,L,219345,11,14,0,0,02mar2022 10:42:44,0,T,1646197155259279417,0,N
3,500002,B,L,219335,9,12,3,0,02mar2022 10:42:44,0,T,1646197155259150294,0,N
3,500002,S,L,219335,9,20,0,0,02mar2022 10:42:44,3,T,1646197155259279453,0,N
3,500002,S,L,219345,11,20,9,0,02mar2022 10:42:44,3,T,1646197155259279453,0,N
3,500002,S,L,219335,3,6,3,0,02mar2022 10:42:44,3,T,1646197155259279454,0,N
3,500002,S,L,219305,3,6,0,0,02mar2022 10:42:44,3,T,1646197155259279454,0,N
3,500002,B,L,219335,3,12,0,0,02mar2022 10:42:44,0,T,1646197155259150294,0,N
3,500002,B,L,219305,3,2,13,0,02mar2022 10:42:44,4,T,1646195412043995187,0,N
3,500002,B,L,219305,6,2,7,0,02mar2022 10:42:44,4,T,1646195412043995187,0,N
3,500002,S,L,219305,6,6,0,0,02mar2022 10:42:44,3,T,1646197155259279455,0,N
3,500002,S,L,219540,4,15,11,0,02mar2022 10:43:01,0,T,1646197155259279451,0,N
3,500002,S,L,219535,15,0,0,0,02mar2022 10:43:01,4,T,1646197155259279543,0,N
3,500002,S,L,219515,1,0,0,0,02mar2022 10:43:01,0,T,1646197155259279494,0,N
3,500002,B,G,219540,4,0,0,0,02mar2022 10:43:01,0,T,1646197155259279545,0,N
3,500002,B,G,219535,15,0,4,0,02mar2022 10:43:01,0,T,1646197155259279545,0,N
3,500002,B,G,219515,1,0,19,0,02mar2022 10:43:01,0,T,1646197155259279545,0,N
3,500002,S,L,219475,2,0,0,0,02mar2022 10:43:20,0,T,1646197155259279599,0,N
3,500002,B,L,219475,2,0,8,0,02mar2022 10:43:20,0,T,1646197155259279606,0,N
3,500002,B,L,219500,8,0,0,0,02mar2022 10:43:20,0,T,1646197155259279606,0,N
3,500002,S,L,219500,8,0,0,0,02mar2022 10:43:20,3,T,1646197155259279607,0,N
3,500002,B,L,219500,25,0,0,0,02mar2022 10:43:42,3,T,1646197155259279685,0,N
3,500002,S,L,219500,25,0,0,0,02mar2022 10:43:42,4,T,1646197155259279684,0,N
3,500002,B,L,219540,1,0,0,0,02mar2022 10:43:45,3,T,1646197155259279695,0,N
3,500002,S,L,219540,1,0,0,0,02mar2022 10:43:45,0,T,1646197155259279661,0,N
3,500002,S,L,219550,8,8,0,0,02mar2022 10:44:11,3,T,1646197155259387108,0,N
3,500002,B,L,219550,8,0,2,0,02mar2022 10:44:11,4,T,1646197155259279888,0,N
3,500002,S,L,220000,8,0,4,0,02mar2022 10:44:40,0,T,1646197155259387172,0,N
3,500002,B,G,219955,1,0,8,0,02mar2022 10:44:40,0,T,1646197155259387178,0,N
3,500002,B,G,220000,8,0,0,0,02mar2022 10:44:40,0,T,1646197155259387178,0,N
3,500002,S,L,219955,1,0,0,0,02mar2022 10:44:40,0,T,1646197155259387177,0,N
3,500002,B,G,219955,11,0,9,0,02mar2022 10:44:40,0,T,1646197155259387178,0,N
3,500002,S,L,219955,11,0,0,0,02mar2022 10:44:40,0,T,1646197155259387176,0,N
3,500002,B,G,219900,10,0,20,0,02mar2022 10:44:40,0,T,1646197155259387178,0,N
3,500002,S,L,219900,10,0,0,0,02mar2022 10:44:40,0,T,1646197155259279581,0,N
3,500002,B,L,219860,20,2,0,0,02mar2022 10:44:46,0,T,1646197155259387152,0,N
3,500002,S,L,219860,20,22,2,0,02mar2022 10:44:46,3,T,1646197155259387193,0,N
3,500002,B,L,219750,14,14,0,0,02mar2022 10:45:44,0,T,1646197155259387265,0,N
3,500002,S,L,219750,14,0,27,0,02mar2022 10:45:44,3,T,1646197155259387305,0,N
3,500002,B,L,219700,4,60,56,0,02mar2022 10:46:05,0,T,1646193664720348068,0,N
3,500002,S,L,219700,4,4,0,0,02mar2022 10:46:05,3,T,1646197155259387430,0,N
3,500002,S,L,219700,56,0,4,0,02mar2022 10:46:05,3,T,1646197155259387432,0,N
3,500002,B,L,219700,56,60,0,0,02mar2022 10:46:05,0,T,1646193664720348068,0,N
3,500002,S,L,219290,9,34,10,0,02mar2022 10:46:36,3,T,1646197155259387596,0,N
3,500002,S,L,219245,2,34,8,0,02mar2022 10:46:36,3,T,1646197155259387596,0,N
3,500002,S,L,219295,15,34,19,0,02mar2022 10:46:36,3,T,1646197155259387596,0,N
3,500002,S,L,219245,8,34,0,0,02mar2022 10:46:36,3,T,1646197155259387596,0,N
3,500002,B,L,219295,15,0,0,0,02mar2022 10:46:36,4,T,1646197155259387573,0,N
3,500002,B,L,219290,9,9,0,0,02mar2022 10:46:36,0,T,1646197155259387589,0,N
3,500002,B,L,219245,2,0,0,0,02mar2022 10:46:36,0,T,1646197155259387346,0,N
3,500002,B,L,219245,8,0,0,0,02mar2022 10:46:36,0,T,1646197155259387347,0,N
3,500002,B,L,219165,1,0,0,0,02mar2022 10:46:36,0,T,1646197155259279555,0,N
3,500002,B,L,219200,11,0,0,0,02mar2022 10:46:36,0,T,1646197155259279558,0,N
3,500002,B,L,219205,2,0,0,0,02mar2022 10:46:36,0,T,1646197155259387348,0,N
3,500002,B,L,219195,4,1,0,0,02mar2022 10:46:36,4,T,1646195412043662589,0,N
3,500002,B,L,219225,16,2,0,0,02mar2022 10:46:36,4,T,1646197155259387349,0,N
3,500002,S,L,219200,11,34,5,0,02mar2022 10:46:36,3,T,1646197155259387598,0,N
3,500002,S,L,219225,16,34,18,0,02mar2022 10:46:36,3,T,1646197155259387598,0,N
3,500002,S,L,219205,2,34,16,0,02mar2022 10:46:36,3,T,1646197155259387598,0,N
3,500002,S,L,219165,1,34,0,0,02mar2022 10:46:36,3,T,1646197155259387598,0,N
3,500002,S,L,219195,4,34,1,0,02mar2022 10:46:36,3,T,1646197155259387598,0,N
3,500002,S,L,219070,3,136,121,0,02mar2022 10:46:36,3,T,1646197155259387599,0,N
3,500002,S,L,219065,10,136,111,0,02mar2022 10:46:36,3,T,1646197155259387599,0,N
3,500002,S,L,219045,1,136,110,0,02mar2022 10:46:36,3,T,1646197155259387599,0,N
3,500002,S,L,219125,2,136,134,0,02mar2022 10:46:36,3,T,1646197155259387599,0,N
3,500002,S,L,219110,8,136,126,0,02mar2022 10:46:36,3,T,1646197155259387599,0,N
3,500002,S,L,219085,2,136,124,0,02mar2022 10:46:36,3,T,1646197155259387599,0,N
3,500002,B,L,219045,1,0,0,0,02mar2022 10:46:36,0,T,1646197155259279524,0,N
3,500002,B,L,219065,10,0,0,0,02mar2022 10:46:36,0,T,1646197155259279520,0,N
3,500002,B,L,219085,2,0,0,0,02mar2022 10:46:36,0,T,1646197155259279535,0,N
3,500002,B,L,219110,8,0,0,0,02mar2022 10:46:36,0,T,1646197155259279534,0,N
3,500002,B,L,219125,2,0,0,0,02mar2022 10:46:36,0,T,1646197155259279539,0,N
3,500002,B,L,219070,3,1,0,0,02mar2022 10:46:36,4,T,1646194448528098821,0,N
3,500002,S,L,219075,2,0,0,0,02mar2022 10:46:36,3,T,1646197155259387651,0,N
3,500002,B,L,219075,2,0,0,0,02mar2022 10:46:36,4,T,1646197155259387640,0,N
3,500002,S,L,218725,2,34,26,0,02mar2022 10:47:28,3,T,1646197155259387969,0,N
3,500002,S,L,218730,2,34,28,0,02mar2022 10:47:28,3,T,1646197155259387969,0,N
3,500002,S,L,218735,1,34,30,0,02mar2022 10:47:28,3,T,1646197155259387969,0,N
3,500002,S,L,218745,1,34,31,0,02mar2022 10:47:28,3,T,1646197155259387969,0,N
3,500002,S,L,218715,2,34,24,0,02mar2022 10:47:28,3,T,1646197155259387969,0,N
3,500002,S,L,218765,2,34,32,0,02mar2022 10:47:28,3,T,1646197155259387969,0,N
3,500002,S,L,218705,2,34,22,0,02mar2022 10:47:28,3,T,1646197155259387969,0,N
3,500002,S,L,218560,3,34,19,0,02mar2022 10:47:28,3,T,1646197155259387969,0,N
3,500002,S,L,218475,4,34,15,0,02mar2022 10:47:28,3,T,1646197155259387969,0,N
3,500002,B,L,218475,4,1,0,0,02mar2022 10:47:28,4,T,1646195412043994774,0,N
3,500002,B,L,218735,1,0,0,0,02mar2022 10:47:28,0,T,1646197155259387920,0,N
3,500002,B,L,218730,2,0,0,0,02mar2022 10:47:28,0,T,1646197155259387918,0,N
3,500002,B,L,218725,2,0,0,0,02mar2022 10:47:28,0,T,1646197155259387916,0,N
3,500002,B,L,218745,1,0,0,0,02mar2022 10:47:28,0,T,1646197155259387939,0,N
3,500002,B,L,218715,2,0,0,0,02mar2022 10:47:28,0,T,1646197155259387915,0,N
3,500002,B,L,218705,2,0,0,0,02mar2022 10:47:28,0,T,1646197155259387900,0,N
3,500002,B,L,218560,3,0,0,0,02mar2022 10:47:28,0,T,1646197155259387958,0,N
3,500002,B,L,218765,2,0,0,0,02mar2022 10:47:28,0,T,1646197155259387954,0,N
3,500002,B,L,218565,2,0,0,0,02mar2022 10:47:28,0,T,1646197155259387976,0,N
3,500002,S,L,218565,2,34,32,0,02mar2022 10:47:28,3,T,1646197155259387977,0,N
3,500002,B,L,218555,6,0,9,0,02mar2022 10:48:27,4,T,1646197155259461583,0,N
3,500002,S,L,218555,6,0,0,0,02mar2022 10:48:27,3,T,1646197155259461588,0,N
3,500002,B,L,218465,15,0,0,0,02mar2022 10:48:42,4,T,1646197155259461758,0,N
3,500002,B,L,218450,15,2,1,0,02mar2022 10:48:42,4,T,1646197155259461617,0,N
3,500002,S,L,218465,15,34,19,0,02mar2022 10:48:42,3,T,1646197155259461762,0,N
3,500002,S,L,218465,2,34,17,0,02mar2022 10:48:42,3,T,1646197155259461762,0,N
3,500002,S,L,218455,2,34,15,0,02mar2022 10:48:42,3,T,1646197155259461762,0,N
3,500002,S,L,218450,15,34,0,0,02mar2022 10:48:42,3,T,1646197155259461762,0,N
3,500002,B,L,218465,2,0,0,0,02mar2022 10:48:42,0,T,1646197155259461760,0,N
3,500002,B,L,218455,2,0,0,0,02mar2022 10:48:42,0,T,1646197155259461756,0,N
3,500002,B,L,218285,1,0,0,0,02mar2022 10:48:42,0,T,1646197155259461674,0,N
3,500002,B,L,218325,1,0,0,0,02mar2022 10:48:42,0,T,1646197155259461692,0,N
3,500002,B,L,218255,1,0,7,0,02mar2022 10:48:42,0,T,1646197155259461649,0,N
3,500002,B,L,218405,1,0,0,0,02mar2022 10:48:42,0,T,1646197155259461721,0,N
3,500002,B,L,218365,1,0,0,0,02mar2022 10:48:42,0,T,1646197155259461712,0,N
3,500002,B,L,218390,9,0,0,0,02mar2022 10:48:42,0,T,1646197155259461714,0,N
3,500002,B,L,218445,15,15,0,0,02mar2022 10:48:42,0,T,1646197155259461737,0,N
3,500002,S,L,218450,1,34,33,0,02mar2022 10:48:42,3,T,1646197155259461763,0,N
3,500002,S,L,218445,15,34,18,0,02mar2022 10:48:42,3,T,1646197155259461763,0,N
3,500002,S,L,218360,4,34,3,0,02mar2022 10:48:42,3,T,1646197155259461763,0,N
3,500002,S,L,218325,1,34,2,0,02mar2022 10:48:42,3,T,1646197155259461763,0,N
3,500002,S,L,218405,1,34,17,0,02mar2022 10:48:42,3,T,1646197155259461763,0,N
3,500002,S,L,218390,9,34,8,0,02mar2022 10:48:42,3,T,1646197155259461763,0,N
3,500002,S,L,218285,1,34,1,0,02mar2022 10:48:42,3,T,1646197155259461763,0,N
3,500002,S,L,218365,1,34,7,0,02mar2022 10:48:42,3,T,1646197155259461763,0,N
3,500002,S,L,218255,1,34,0,0,02mar2022 10:48:42,3,T,1646197155259461763,0,N
3,500002,B,L,218360,4,1,0,0,02mar2022 10:48:42,4,T,1646195412043663104,0,N
3,500002,B,L,218450,1,2,0,0,02mar2022 10:48:42,4,T,1646197155259461617,0,N
3,500002,B,L,218255,7,0,0,0,02mar2022 10:48:42,0,T,1646197155259461649,0,N
3,500002,B,L,218245,2,0,0,0,02mar2022 10:48:42,0,T,1646197155259461673,0,N
3,500002,S,L,218245,2,34,25,0,02mar2022 10:48:42,3,T,1646197155259461764,0,N
3,500002,S,L,218255,7,34,27,0,02mar2022 10:48:42,3,T,1646197155259461764,0,N
3,500002,B,L,218200,10,0,0,0,02mar2022 10:48:42,0,T,1646197155259279774,0,N
3,500002,S,L,218200,10,0,10,0,02mar2022 10:48:42,3,T,1646197155259461771,0,N
3,500002,S,L,218640,3,3,0,0,02mar2022 10:48:45,3,T,1646197155259461869,0,N
3,500002,B,L,218640,3,2,16,0,02mar2022 10:48:45,0,T,1646197155259461848,0,N
3,500002,B,L,218640,16,2,0,0,02mar2022 10:48:45,0,T,1646197155259461848,0,N
3,500002,S,L,218640,16,23,7,0,02mar2022 10:48:45,3,T,1646197155259461870,0,N
3,500002,B,L,219075,2,23,21,0,02mar2022 10:50:36,3,T,1646197155259509712,0,N
3,500002,S,L,219075,2,0,0,0,02mar2022 10:50:36,0,T,1646197155259509704,0,N
3,500002,B,L,219100,27,0,10,0,02mar2022 10:50:36,3,T,1646197155259509720,0,N
3,500002,S,L,219100,27,27,0,0,02mar2022 10:50:36,0,T,1646197155259509650,0,N
3,500002,B,L,219070,4,0,9,0,02mar2022 10:51:08,4,T,1646197155259509722,0,N
3,500002,S,L,219070,4,4,0,0,02mar2022 10:51:08,3,T,1646197155259509913,0,N
3,500002,S,L,219550,1,0,11,0,02mar2022 10:52:33,0,T,1646197155259510121,0,N
3,500002,B,G,219550,1,1,0,0,02mar2022 10:52:33,4,T,1646197155259510204,0,N
3,500002,S,L,219570,1,0,0,0,02mar2022 10:53:51,0,T,1646197155259510288,0,N
3,500002,B,L,219570,1,0,27,0,02mar2022 10:53:51,3,T,1646197155259510378,0,N
3,500002,S,L,219570,1,0,99,0,02mar2022 10:54:01,0,T,1646197155259615155,0,N
3,500002,B,L,219570,1,0,0,0,02mar2022 10:54:01,4,T,1646197155259615162,0,N
3,500002,B,L,219570,1,0,0,0,02mar2022 10:54:02,4,T,1646197155259615174,0,N
3,500002,S,L,219570,1,0,98,0,02mar2022 10:54:02,0,T,1646197155259615155,0,N
3,500002,S,L,219570,1,0,97,0,02mar2022 10:54:04,0,T,1646197155259615155,0,N
3,500002,B,L,219570,1,0,0,0,02mar2022 10:54:04,4,T,1646197155259615190,0,N
3,500002,B,L,219570,2,0,0,0,02mar2022 10:54:06,4,T,1646197155259615206,0,N
3,500002,S,L,219570,2,0,95,0,02mar2022 10:54:06,0,T,1646197155259615155,0,N
3,500002,S,L,219570,5,0,90,0,02mar2022 10:54:06,0,T,1646197155259615155,0,N
3,500002,B,L,219570,5,0,0,0,02mar2022 10:54:06,4,T,1646197155259615208,0,N
3,500002,B,L,219570,2,0,0,0,02mar2022 10:54:06,4,T,1646197155259615215,0,N
3,500002,S,L,219570,2,0,88,0,02mar2022 10:54:06,0,T,1646197155259615155,0,N
3,500002,S,L,219570,1,0,87,0,02mar2022 10:54:06,0,T,1646197155259615155,0,N
3,500002,B,L,219570,1,0,0,0,02mar2022 10:54:06,4,T,1646197155259615219,0,N
3,500002,B,L,219570,2,0,0,0,02mar2022 10:54:07,4,T,1646197155259615232,0,N
3,500002,S,L,219570,2,0,85,0,02mar2022 10:54:07,0,T,1646197155259615155,0,N
3,500002,S,L,219570,2,0,83,0,02mar2022 10:54:07,0,T,1646197155259615155,0,N
3,500002,B,L,219570,2,0,0,0,02mar2022 10:54:07,4,T,1646197155259615239,0,N
3,500002,B,L,219570,1,0,0,0,02mar2022 10:54:07,4,T,1646197155259615244,0,N
3,500002,S,L,219570,1,0,82,0,02mar2022 10:54:07,0,T,1646197155259615155,0,N
3,500002,S,L,219570,1,0,81,0,02mar2022 10:54:07,0,T,1646197155259615155,0,N
3,500002,B,L,219570,1,0,0,0,02mar2022 10:54:07,4,T,1646197155259615251,0,N
3,500002,B,L,219570,1,0,0,0,02mar2022 10:54:08,4,T,1646197155259615260,0,N
3,500002,S,L,219570,1,0,80,0,02mar2022 10:54:08,0,T,1646197155259615155,0,N
3,500002,S,L,219570,2,0,78,0,02mar2022 10:54:08,0,T,1646197155259615155,0,N
3,500002,B,L,219570,2,0,0,0,02mar2022 10:54:08,4,T,1646197155259615270,0,N
3,500002,B,L,219570,78,0,0,0,02mar2022 10:54:08,3,T,1646197155259615280,0,N
3,500002,S,L,219570,78,0,0,0,02mar2022 10:54:08,0,T,1646197155259615155,0,N
3,500002,B,L,219730,1,0,0,0,02mar2022 10:54:09,4,T,1646197155259615301,0,N
3,500002,B,L,219725,1,0,1,0,02mar2022 10:54:09,4,T,1646197155259615301,0,N
3,500002,S,L,219730,1,0,10,0,02mar2022 10:54:09,0,T,1646197155259615297,0,N
3,500002,S,L,219725,1,0,0,0,02mar2022 10:54:09,0,T,1646197155259615303,0,N
3,500002,S,L,219970,2,2,0,0,02mar2022 10:55:13,3,T,1646197155259615740,0,N
3,500002,B,L,219970,2,2,17,0,02mar2022 10:55:13,0,T,1646197155259615738,0,N
3,500002,B,L,219970,2,2,15,0,02mar2022 10:55:13,0,T,1646197155259615738,0,N
3,500002,S,L,219970,2,2,0,0,02mar2022 10:55:13,3,T,1646197155259615741,0,N
3,500002,B,L,219580,2,0,10,0,02mar2022 10:56:34,0,T,1646197155259700947,0,N
3,500002,B,L,219605,2,0,0,0,02mar2022 10:56:34,0,T,1646197155259615754,0,N
3,500002,S,G,219580,2,0,0,0,02mar2022 10:56:34,0,T,1646197155259700951,0,N
3,500002,S,G,219605,2,0,2,0,02mar2022 10:56:34,0,T,1646197155259700951,0,N
3,500002,S,G,219650,23,0,27,0,02mar2022 10:56:34,0,T,1646197155259700951,0,N
3,500002,S,G,219635,23,0,4,0,02mar2022 10:56:34,0,T,1646197155259700951,0,N
3,500002,B,L,219635,23,23,0,0,02mar2022 10:56:34,0,T,1646197155259615724,0,N
3,500002,B,L,219650,23,23,0,0,02mar2022 10:56:34,0,T,1646197155259615780,0,N
3,500002,S,L,219975,1,23,22,0,02mar2022 10:56:52,0,T,1646197155259700957,0,N
3,500002,B,L,219975,1,0,0,0,02mar2022 10:56:52,3,T,1646197155259701074,0,N
3,500002,B,L,219695,20,23,3,0,02mar2022 10:57:28,0,T,1646197155259701336,0,N
3,500002,S,L,219695,20,0,0,0,02mar2022 10:57:28,4,T,1646197155259701379,0,N
3,500002,S,L,219695,6,0,14,0,02mar2022 10:57:31,4,T,1646197155259701440,0,N
3,500002,B,L,219695,6,0,0,0,02mar2022 10:57:31,3,T,1646197155259701441,0,N
3,500002,B,L,219695,1,0,0,0,02mar2022 10:57:32,4,T,1646197155259701454,0,N
3,500002,S,L,219695,1,0,13,0,02mar2022 10:57:32,4,T,1646197155259701440,0,N
3,500002,S,L,219695,1,0,12,0,02mar2022 10:57:33,4,T,1646197155259701440,0,N
3,500002,B,L,219695,1,1,0,0,02mar2022 10:57:33,3,T,1646197155259701460,0,N
3,500002,S,L,219695,1,0,11,0,02mar2022 10:57:33,4,T,1646197155259701440,0,N
3,500002,B,L,219695,1,0,0,0,02mar2022 10:57:33,4,T,1646197155259701461,0,N
3,500002,S,L,219695,1,0,10,0,02mar2022 10:57:33,4,T,1646197155259701440,0,N
3,500002,B,L,219695,1,1,0,0,02mar2022 10:57:33,3,T,1646197155259701469,0,N
3,500002,S,L,219695,1,0,9,0,02mar2022 10:57:33,4,T,1646197155259701440,0,N
3,500002,B,L,219695,1,0,0,0,02mar2022 10:57:33,4,T,1646197155259701470,0,N
3,500002,B,L,219695,9,9,0,0,02mar2022 10:57:33,3,T,1646197155259701477,0,N
3,500002,S,L,219695,9,0,0,0,02mar2022 10:57:33,4,T,1646197155259701440,0,N
3,500002,B,L,219695,10,22,12,0,02mar2022 10:58:21,0,T,1646197155259701587,0,N
3,500002,S,L,219695,10,10,0,0,02mar2022 10:58:21,0,T,1646197155259701791,0,N
3,500002,B,L,220000,10,0,0,0,02mar2022 11:02:26,3,T,1646197155259789424,0,N
3,500002,S,L,220000,10,0,0,0,02mar2022 11:02:26,0,T,1646197155259701889,0,N
3,500002,S,L,220045,9,0,0,0,02mar2022 11:02:26,0,T,1646197155259789260,0,N
3,500002,B,L,220045,9,0,15,0,02mar2022 11:02:26,3,T,1646197155259789428,0,N
3,500002,B,L,220090,9,0,0,0,02mar2022 11:02:26,3,T,1646197155259789431,0,N
3,500002,B,L,220075,1,0,9,0,02mar2022 11:02:26,3,T,1646197155259789431,0,N
3,500002,S,L,220090,9,0,1,0,02mar2022 11:02:26,0,T,1646197155259701539,0,N
3,500002,S,L,220075,1,0,0,0,02mar2022 11:02:26,0,T,1646197155259701844,0,N
3,500002,S,L,220090,1,0,0,0,02mar2022 11:02:26,0,T,1646197155259701539,0,N
3,500002,B,L,220090,1,0,9,0,02mar2022 11:02:26,3,T,1646197155259789432,0,N
3,500002,S,L,220400,1,0,0,0,02mar2022 11:03:07,0,T,1646197155259892482,0,N
3,500002,S,L,220300,1,0,0,0,02mar2022 11:03:07,4,T,1646193664720055117,0,N
3,500002,B,G,220300,1,2,1,0,02mar2022 11:03:07,0,T,1646197155259892624,0,N
3,500002,B,G,220400,1,2,0,0,02mar2022 11:03:07,0,T,1646197155259892624,0,N
3,500002,B,L,220405,2,0,3,0,02mar2022 11:03:22,4,T,1646197155259892686,0,N
3,500002,S,L,220405,2,0,0,0,02mar2022 11:03:22,0,T,1646197155259892417,0,N
3,500002,B,L,220405,3,0,0,0,02mar2022 11:03:22,4,T,1646197155259892686,0,N
3,500002,S,L,220405,3,3,0,0,02mar2022 11:03:22,3,T,1646197155259892687,0,N
3,500002,S,L,220530,2,0,0,0,02mar2022 11:03:56,0,T,1646197155259892835,0,N
3,500002,S,L,220525,2,0,0,0,02mar2022 11:03:56,0,T,1646197155259892836,0,N
3,500002,S,L,220520,2,0,0,0,02mar2022 11:03:56,0,T,1646197155259892837,0,N
3,500002,B,L,220520,2,0,4,0,02mar2022 11:03:56,3,T,1646197155259892876,0,N
3,500002,B,L,220525,2,0,2,0,02mar2022 11:03:56,3,T,1646197155259892876,0,N
3,500002,B,L,220530,2,0,0,0,02mar2022 11:03:56,3,T,1646197155259892876,0,N
3,500002,B,L,220535,2,0,6,0,02mar2022 11:03:56,3,T,1646197155259892877,0,N
3,500002,S,L,220535,2,0,0,0,02mar2022 11:03:56,0,T,1646197155259892827,0,N
3,500002,S,L,220585,12,0,0,0,02mar2022 11:03:56,0,T,1646197155259789447,0,N
3,500002,S,L,220590,18,18,0,0,02mar2022 11:03:56,0,T,1646193664720054591,0,N
3,500002,B,L,220585,12,0,18,0,02mar2022 11:03:56,3,T,1646197155259892878,0,N
3,500002,B,L,220590,18,0,0,0,02mar2022 11:03:56,3,T,1646197155259892878,0,N
3,500002,B,L,220595,2,0,0,0,02mar2022 11:03:56,3,T,1646197155259892880,0,N
3,500002,S,L,220595,2,0,0,0,02mar2022 11:03:56,0,T,1646197155259789478,0,N
3,500002,S,L,220685,1,1,0,0,02mar2022 11:04:27,3,T,1646197155259893124,0,N
3,500002,B,L,220685,1,24,23,0,02mar2022 11:04:27,0,T,1646197155259893084,0,N
3,500002,B,L,220685,1,24,22,0,02mar2022 11:04:27,0,T,1646197155259893084,0,N
3,500002,S,L,220685,1,1,0,0,02mar2022 11:04:27,3,T,1646197155259893125,0,N
3,500002,S,L,220685,1,1,0,0,02mar2022 11:04:27,3,T,1646197155259893126,0,N
3,500002,B,L,220685,1,24,21,0,02mar2022 11:04:27,0,T,1646197155259893084,0,N
3,500002,B,L,220685,1,24,20,0,02mar2022 11:04:27,0,T,1646197155259893084,0,N
3,500002,S,L,220685,1,1,0,0,02mar2022 11:04:27,3,T,1646197155259893129,0,N
3,500002,B,L,220590,1,17,16,0,02mar2022 11:05:11,0,T,1646197155259893025,0,N
3,500002,S,G,220590,1,1,0,0,02mar2022 11:05:11,4,T,1646197155259893351,0,N
3,500002,B,L,220550,4,2,12,0,02mar2022 11:05:39,4,T,1646197155259892695,0,N
3,500002,S,L,220550,4,4,0,0,02mar2022 11:05:39,3,T,1646197155259969016,0,N
3,500002,S,L,220500,7,7,0,0,02mar2022 11:07:28,3,T,1646197155259969331,0,N
3,500002,B,L,220500,7,29,22,0,02mar2022 11:07:28,0,T,1646197155259969137,0,N
3,500002,S,L,220710,10,0,0,0,02mar2022 11:07:31,4,T,1646197155259969364,0,N
3,500002,S,L,220710,4,0,0,0,02mar2022 11:07:31,4,T,1646197155259969338,0,N
3,500002,S,L,220715,4,1,0,0,02mar2022 11:07:31,4,T,1646197155259892936,0,N
3,500002,S,L,220715,1,0,0,0,02mar2022 11:07:31,0,T,1646197155259969363,0,N
3,500002,S,L,220720,6,0,2,0,02mar2022 11:07:31,0,T,1646197155259969367,0,N
3,500002,B,L,220715,1,0,10,0,02mar2022 11:07:31,4,T,1646197155259969372,0,N
3,500002,B,L,220715,4,0,6,0,02mar2022 11:07:31,4,T,1646197155259969372,0,N
3,500002,B,L,220720,6,0,0,0,02mar2022 11:07:31,4,T,1646197155259969372,0,N
3,500002,B,L,220710,10,0,11,0,02mar2022 11:07:31,4,T,1646197155259969372,0,N
3,500002,B,L,220710,4,0,21,0,02mar2022 11:07:31,4,T,1646197155259969372,0,N
3,500002,S,G,220400,3,3,0,0,02mar2022 11:07:46,0,T,1646197155259969421,0,N
3,500002,B,L,220400,3,0,37,0,02mar2022 11:07:46,0,T,1646197155259969142,0,N
3,500002,B,L,220400,1,0,36,0,02mar2022 11:07:58,0,T,1646197155259969142,0,N
3,500002,S,L,220400,1,1,0,0,02mar2022 11:07:58,3,T,1646197155259969475,0,N
3,500002,S,L,220400,36,0,1,0,02mar2022 11:07:58,3,T,1646197155259969476,0,N
3,500002,B,L,220400,36,0,0,0,02mar2022 11:07:58,0,T,1646197155259969142,0,N
3,500002,S,L,220515,1,0,0,0,02mar2022 11:08:06,0,T,1646197155259969554,0,N
3,500002,B,L,220515,1,3,2,0,02mar2022 11:08:06,4,T,1646197155259969557,0,N
3,500002,B,L,220515,2,3,0,0,02mar2022 11:08:06,4,T,1646197155259969557,0,N
3,500002,S,L,220515,2,2,0,0,02mar2022 11:08:06,3,T,1646197155259969559,0,N
3,500002,B,L,220155,2,2,14,0,02mar2022 11:08:12,4,T,1646197155259969396,0,N
3,500002,S,L,220155,10,12,2,0,02mar2022 11:08:12,3,T,1646197155259969571,0,N
3,500002,S,L,220155,2,12,0,0,02mar2022 11:08:12,3,T,1646197155259969571,0,N
3,500002,B,L,220155,10,0,0,0,02mar2022 11:08:12,4,T,1646197155259969563,0,N
3,500002,B,L,220155,12,2,2,0,02mar2022 11:08:12,4,T,1646197155259969396,0,N
3,500002,S,L,220155,12,12,0,0,02mar2022 11:08:12,3,T,1646197155259969572,0,N
3,500002,S,L,220150,10,12,0,0,02mar2022 11:08:12,3,T,1646197155259969573,0,N
3,500002,S,L,220155,2,12,10,0,02mar2022 11:08:12,3,T,1646197155259969573,0,N
3,500002,B,L,220150,10,22,12,0,02mar2022 11:08:12,0,T,1646197155259969549,0,N
3,500002,B,L,220155,2,2,0,0,02mar2022 11:08:12,4,T,1646197155259969396,0,N
3,500002,S,L,220150,12,12,0,0,02mar2022 11:08:12,3,T,1646197155259969576,0,N
3,500002,B,L,220150,12,22,0,0,02mar2022 11:08:12,0,T,1646197155259969549,0,N
3,500002,B,L,220155,6,7,1,0,02mar2022 11:09:47,0,T,1646197155259969765,0,N
3,500002,S,L,220155,6,0,0,0,02mar2022 11:09:47,3,T,1646197155259969820,0,N
3,500002,B,L,220145,10,14,4,0,02mar2022 11:09:47,0,T,1646197155259969743,0,N
3,500002,S,L,220145,10,0,0,0,02mar2022 11:09:47,3,T,1646197155259969825,0,N
3,500002,S,L,220145,4,0,6,0,02mar2022 11:09:47,3,T,1646197155259969826,0,N
3,500002,B,L,220145,4,14,0,0,02mar2022 11:09:47,0,T,1646197155259969743,0,N
3,500002,S,L,220050,2,10,8,0,02mar2022 11:10:21,0,T,1646197155259969982,0,N
3,500002,B,L,220050,2,0,0,0,02mar2022 11:10:21,0,T,1646197155259892813,0,N
3,500002,B,L,220000,8,8,0,0,02mar2022 11:10:21,3,T,1646197155259969984,0,N
3,500002,S,L,220000,8,10,0,0,02mar2022 11:10:21,0,T,1646197155259969982,0,N
3,500002,S,L,219970,1,1,0,0,02mar2022 11:11:22,4,T,1646199402567109767,0,N
3,500002,B,L,219970,1,6,5,0,02mar2022 11:11:22,0,T,1646199402567109644,0,N
3,500002,B,L,219955,7,7,0,0,02mar2022 11:11:45,0,T,1646199402567109629,0,N
3,500002,S,L,219955,7,0,0,0,02mar2022 11:11:45,3,T,1646199402567109806,0,N
3,500002,S,G,219605,7,0,0,0,02mar2022 11:13:49,0,T,1646199402567110378,0,N
3,500002,B,L,219605,7,17,10,0,02mar2022 11:13:49,0,T,1646199402567110325,0,N
3,500002,B,L,219905,1,0,0,0,02mar2022 11:14:12,3,T,1646199402567110451,0,N
3,500002,S,L,219905,1,0,14,0,02mar2022 11:14:12,4,T,1646199402567110441,0,N
3,500002,B,G,219875,1,0,0,0,02mar2022 11:14:24,0,T,1646199402567110480,0,N
3,500002,S,L,219875,1,0,1,0,02mar2022 11:14:24,0,T,1646199402567110474,0,N
3,500002,S,L,220135,8,0,0,0,02mar2022 11:16:51,0,T,1646199402567110461,0,N
3,500002,S,L,220155,2,0,0,0,02mar2022 11:16:51,0,T,1646199402567109799,0,N
3,500002,S,L,220115,1,0,0,0,02mar2022 11:16:51,0,T,1646199402567109831,0,N
3,500002,S,L,220180,9,0,0,0,02mar2022 11:16:51,0,T,1646199402567110460,0,N
3,500002,S,L,220195,1,0,0,0,02mar2022 11:16:51,0,T,1646199402567109779,0,N
3,500002,S,L,220225,9,0,0,0,02mar2022 11:16:51,0,T,1646199402567109780,0,N
3,500002,S,L,220090,12,0,0,0,02mar2022 11:16:51,0,T,1646199402567110455,0,N
3,500002,S,L,220035,2,0,0,0,02mar2022 11:16:51,0,T,1646199402567109938,0,N
3,500002,S,L,220040,2,0,0,0,02mar2022 11:16:51,0,T,1646199402567213594,0,N
3,500002,S,L,220045,11,0,0,0,02mar2022 11:16:51,0,T,1646199402567110457,0,N
3,500002,S,L,220075,2,0,0,0,02mar2022 11:16:51,0,T,1646199402567109926,0,N
3,500002,S,L,220040,15,0,0,0,02mar2022 11:16:51,4,T,1646199402567213604,0,N
3,500002,B,G,220230,7,100,0,0,02mar2022 11:16:51,0,T,1646199402567213629,0,N
3,500002,B,G,220225,9,100,7,0,02mar2022 11:16:51,0,T,1646199402567213629,0,N
3,500002,B,G,220195,1,100,16,0,02mar2022 11:16:51,0,T,1646199402567213629,0,N
3,500002,B,G,220180,9,100,17,0,02mar2022 11:16:51,0,T,1646199402567213629,0,N
3,500002,B,G,220155,2,100,26,0,02mar2022 11:16:51,0,T,1646199402567213629,0,N
3,500002,B,G,220145,3,100,28,0,02mar2022 11:16:51,0,T,1646199402567213629,0,N
3,500002,B,G,220135,8,100,31,0,02mar2022 11:16:51,0,T,1646199402567213629,0,N
3,500002,B,G,220115,1,100,39,0,02mar2022 11:16:51,0,T,1646199402567213629,0,N
3,500002,B,G,220105,16,100,40,0,02mar2022 11:16:51,0,T,1646199402567213629,0,N
3,500002,B,G,220090,12,100,56,0,02mar2022 11:16:51,0,T,1646199402567213629,0,N
3,500002,B,G,220075,2,100,68,0,02mar2022 11:16:51,0,T,1646199402567213629,0,N
3,500002,B,G,220045,11,100,70,0,02mar2022 11:16:51,0,T,1646199402567213629,0,N
3,500002,B,G,220040,15,100,81,0,02mar2022 11:16:51,0,T,1646199402567213629,0,N
3,500002,B,G,220040,2,100,96,0,02mar2022 11:16:51,0,T,1646199402567213629,0,N
3,500002,B,G,220035,2,100,98,0,02mar2022 11:16:51,0,T,1646199402567213629,0,N
3,500002,S,L,220145,3,1,0,0,02mar2022 11:16:51,4,T,1646193664720784873,0,N
3,500002,S,L,220105,16,2,0,0,02mar2022 11:16:51,4,T,1646199402567110128,0,N
3,500002,S,L,220230,7,16,9,0,02mar2022 11:16:51,0,T,1646199402567109857,0,N
3,500002,S,L,220390,1,0,0,0,02mar2022 11:17:54,0,T,1646199402567213845,0,N
3,500002,S,L,220395,2,0,0,0,02mar2022 11:17:54,0,T,1646199402567213942,0,N
3,500002,S,L,220360,11,0,0,0,02mar2022 11:17:54,0,T,1646199402567213957,0,N
3,500002,S,L,220355,2,0,0,0,02mar2022 11:17:54,0,T,1646199402567213958,0,N
3,500002,S,L,220350,2,0,0,0,02mar2022 11:17:54,0,T,1646199402567213785,0,N
3,500002,S,L,220405,1,0,9,0,02mar2022 11:17:54,0,T,1646199402567213941,0,N
3,500002,S,L,220360,16,2,0,0,02mar2022 11:17:54,4,T,1646199402567213643,0,N
3,500002,B,G,220350,2,35,33,0,02mar2022 11:17:54,0,T,1646199402567213969,0,N
3,500002,B,G,220355,2,35,31,0,02mar2022 11:17:54,0,T,1646199402567213969,0,N
3,500002,B,G,220360,11,35,20,0,02mar2022 11:17:54,0,T,1646199402567213969,0,N
3,500002,B,G,220360,16,35,4,0,02mar2022 11:17:54,0,T,1646199402567213969,0,N
3,500002,B,G,220390,1,35,3,0,02mar2022 11:17:54,0,T,1646199402567213969,0,N
3,500002,B,G,220395,2,35,1,0,02mar2022 11:17:54,0,T,1646199402567213969,0,N
3,500002,B,G,220405,1,35,0,0,02mar2022 11:17:54,0,T,1646199402567213969,0,N
3,500002,S,L,220355,1,0,14,0,02mar2022 11:21:08,4,T,1646199402567214295,0,N
3,500002,B,L,220355,1,0,0,0,02mar2022 11:21:08,3,T,1646199402567214297,0,N
3,500002,B,L,220355,1,0,0,0,02mar2022 11:21:08,3,T,1646199402567214298,0,N
3,500002,S,L,220355,1,0,13,0,02mar2022 11:21:08,4,T,1646199402567214295,0,N
3,500002,S,L,220355,13,0,0,0,02mar2022 11:21:08,4,T,1646199402567214295,0,N
3,500002,B,L,220395,1,0,14,0,02mar2022 11:21:08,3,T,1646199402567214299,0,N
3,500002,B,L,220355,13,0,15,0,02mar2022 11:21:08,3,T,1646199402567214299,0,N
3,500002,S,L,220395,1,0,0,0,02mar2022 11:21:08,0,T,1646199402567214234,0,N
3,500002,S,L,220405,1,0,0,0,02mar2022 11:21:08,4,T,1646199402567214225,0,N
3,500002,B,L,220405,1,0,12,0,02mar2022 11:21:08,3,T,1646199402567214303,0,N
3,500002,B,L,220515,1,0,0,0,02mar2022 11:21:21,3,T,1646199402567214436,0,N
3,500002,S,L,220515,1,0,0,0,02mar2022 11:21:21,0,T,1646199402567213923,0,N
3,500002,B,L,220500,1,0,0,0,02mar2022 11:22:19,3,T,1646199402567360215,0,N
3,500002,S,L,220500,1,0,1,0,02mar2022 11:22:19,0,T,1646199402567214124,0,N
3,500002,S,L,220500,1,0,0,0,02mar2022 11:22:19,0,T,1646199402567214124,0,N
3,500002,B,L,220500,1,1,0,0,02mar2022 11:22:19,3,T,1646199402567360216,0,N
3,500002,B,G,220735,10,0,0,0,02mar2022 11:22:44,0,T,1646199402567360273,0,N
3,500002,S,L,220735,10,2,6,0,02mar2022 11:22:44,4,T,1646199402567214312,0,N
3,500002,S,L,220745,5,0,10,0,02mar2022 11:23:22,4,T,1646199402567360346,0,N
3,500002,B,L,220745,5,0,0,0,02mar2022 11:23:22,4,T,1646199402567360382,0,N
3,500002,B,L,220420,15,0,0,0,02mar2022 11:24:22,4,T,1646199402567360457,0,N
3,500002,B,L,220420,2,2,14,0,02mar2022 11:24:22,4,T,1646199402567214059,0,N
3,500002,S,L,220420,15,17,2,0,02mar2022 11:24:22,3,T,1646199402567360500,0,N
3,500002,S,L,220420,2,17,0,0,02mar2022 11:24:22,3,T,1646199402567360500,0,N
3,500002,B,L,220800,5,0,6,0,02mar2022 11:25:12,3,T,1646199402567360576,0,N
3,500002,S,L,220800,5,0,0,0,02mar2022 11:25:12,4,T,1646197155259969281,0,N
3,500002,B,L,220820,1,0,0,0,02mar2022 11:25:12,3,T,1646199402567360577,0,N
3,500002,S,L,220820,1,2,1,0,02mar2022 11:25:12,0,T,1646199402567360557,0,N
3,500002,S,L,220820,1,2,0,0,02mar2022 11:25:12,0,T,1646199402567360557,0,N
3,500002,B,L,220820,1,0,11,0,02mar2022 11:25:12,3,T,1646199402567360579,0,N
3,500002,S,L,220900,1,0,9,0,02mar2022 11:25:13,0,T,1646199402567360580,0,N
3,500002,B,L,220900,1,1,0,0,02mar2022 11:25:13,4,T,1646199402567360615,0,N
3,500002,S,L,220905,40,0,0,0,02mar2022 11:26:32,0,T,1646197155259969819,0,N
3,500002,B,L,220905,40,0,0,0,02mar2022 11:26:32,3,T,1646199402567360743,0,N
3,500002,S,L,220995,1,0,0,0,02mar2022 11:26:37,0,T,1646199402567360765,0,N
3,500002,B,L,220995,1,0,0,0,02mar2022 11:26:37,0,T,1646199402567360773,0,N
3,500002,S,L,220690,1,0,0,0,02mar2022 11:26:55,4,T,1646199402567360800,0,N
3,500002,B,L,220690,1,0,14,0,02mar2022 11:26:55,4,T,1646199402567360688,0,N
3,500002,S,G,220390,1,0,22,0,02mar2022 11:28:41,0,T,1646199402567517465,0,N
3,500002,S,G,220370,11,0,11,0,02mar2022 11:28:41,0,T,1646199402567517465,0,N
3,500002,S,G,220325,2,0,9,0,02mar2022 11:28:41,0,T,1646199402567517465,0,N
3,500002,S,G,220325,9,0,0,0,02mar2022 11:28:41,0,T,1646199402567517465,0,N
3,500002,B,L,220370,11,0,0,0,02mar2022 11:28:41,0,T,1646199402567517422,0,N
3,500002,B,L,220325,2,0,0,0,02mar2022 11:28:41,0,T,1646199402567360941,0,N
3,500002,B,L,220325,9,0,3,0,02mar2022 11:28:41,0,T,1646199402567517424,0,N
3,500002,B,L,220390,1,1,0,0,02mar2022 11:28:41,0,T,1646199402567517459,0,N
3,500002,B,G,220685,11,0,0,0,02mar2022 11:29:46,0,T,1646199402567517573,0,N
3,500002,B,G,220675,12,0,11,0,02mar2022 11:29:46,0,T,1646199402567517573,0,N
3,500002,S,L,220675,12,0,0,0,02mar2022 11:29:46,0,T,1646199402567517556,0,N
3,500002,B,G,220675,2,0,23,0,02mar2022 11:29:46,0,T,1646199402567517573,0,N
3,500002,S,L,220675,2,0,0,0,02mar2022 11:29:46,0,T,1646199402567517555,0,N
3,500002,S,L,220685,11,2,5,0,02mar2022 11:29:46,4,T,1646199402567517310,0,N
3,500002,B,L,220800,1,0,0,0,02mar2022 11:32:05,3,T,1646199402567517916,0,N
3,500002,S,L,220800,1,0,19,0,02mar2022 11:32:05,0,T,1646199402567517895,0,N
3,500002,S,L,220800,1,0,18,0,02mar2022 11:32:05,0,T,1646199402567517895,0,N
3,500002,B,L,220800,1,0,0,0,02mar2022 11:32:05,3,T,1646199402567517917,0,N
3,500002,B,L,220800,1,0,0,0,02mar2022 11:32:05,4,T,1646199402567517918,0,N
3,500002,S,L,220800,1,0,17,0,02mar2022 11:32:05,0,T,1646199402567517895,0,N
3,500002,S,L,220800,1,0,16,0,02mar2022 11:32:12,0,T,1646199402567517895,0,N
3,500002,B,L,220800,1,0,0,0,02mar2022 11:32:12,3,T,1646199402567517926,0,N
3,500002,B,L,220800,1,0,0,0,02mar2022 11:32:13,3,T,1646199402567517932,0,N
3,500002,S,L,220800,1,0,15,0,02mar2022 11:32:13,0,T,1646199402567517895,0,N
3,500002,S,L,220800,1,0,14,0,02mar2022 11:32:15,0,T,1646199402567517895,0,N
3,500002,B,L,220800,1,1,0,0,02mar2022 11:32:15,3,T,1646199402567517939,0,N
3,500002,B,L,220800,1,1,0,0,02mar2022 11:32:15,3,T,1646199402567517940,0,N
3,500002,S,L,220800,1,0,13,0,02mar2022 11:32:15,0,T,1646199402567517895,0,N
3,500002,S,L,220800,1,0,12,0,02mar2022 11:32:15,0,T,1646199402567517895,0,N
3,500002,B,L,220800,1,0,0,0,02mar2022 11:32:15,3,T,1646199402567517941,0,N
3,500002,S,L,220800,1,0,11,0,02mar2022 11:32:15,0,T,1646199402567517895,0,N
3,500002,B,L,220800,1,1,0,0,02mar2022 11:32:15,3,T,1646199402567517942,0,N
3,500002,B,L,220800,1,1,0,0,02mar2022 11:32:15,3,T,1646199402567517943,0,N
3,500002,S,L,220800,1,0,10,0,02mar2022 11:32:15,0,T,1646199402567517895,0,N
3,500002,S,L,220800,1,0,9,0,02mar2022 11:32:15,0,T,1646199402567517895,0,N
3,500002,B,L,220800,1,1,0,0,02mar2022 11:32:15,3,T,1646199402567517944,0,N
3,500002,B,L,220800,1,0,0,0,02mar2022 11:32:21,3,T,1646199402567517958,0,N
3,500002,S,L,220800,1,0,8,0,02mar2022 11:32:21,0,T,1646199402567517895,0,N
3,500002,S,L,220800,1,0,7,0,02mar2022 11:32:22,0,T,1646199402567517895,0,N
3,500002,B,L,220800,1,0,0,0,02mar2022 11:32:22,3,T,1646199402567517959,0,N
3,500002,B,L,220800,1,0,0,0,02mar2022 11:32:26,3,T,1646199402567517971,0,N
3,500002,S,L,220800,1,0,6,0,02mar2022 11:32:26,0,T,1646199402567517895,0,N
3,500002,S,L,220800,1,0,5,0,02mar2022 11:32:35,0,T,1646199402567517895,0,N
3,500002,B,L,220800,1,0,0,0,02mar2022 11:32:35,3,T,1646199402567517993,0,N
3,500002,B,L,220800,1,0,0,0,02mar2022 11:32:39,3,T,1646199402567518008,0,N
3,500002,S,L,220800,1,0,4,0,02mar2022 11:32:39,0,T,1646199402567517895,0,N
3,500002,S,L,220800,1,0,3,0,02mar2022 11:32:44,0,T,1646199402567517895,0,N
3,500002,B,L,220800,1,0,0,0,02mar2022 11:32:44,3,T,1646199402567518019,0,N
3,500002,B,L,220800,1,0,0,0,02mar2022 11:32:54,3,T,1646199402567518032,0,N
3,500002,S,L,220800,1,0,2,0,02mar2022 11:32:54,0,T,1646199402567517895,0,N
3,500002,S,L,220800,1,0,1,0,02mar2022 11:32:59,0,T,1646199402567517895,0,N
3,500002,B,L,220800,1,0,0,0,02mar2022 11:32:59,3,T,1646199402567518043,0,N
3,500002,S,L,220800,1,0,0,0,02mar2022 11:33:00,0,T,1646199402567517895,0,N
3,500002,B,L,220800,1,0,0,0,02mar2022 11:33:00,3,T,1646199402567518046,0,N
3,500002,S,L,220900,1,0,9,0,02mar2022 11:33:10,0,T,1646199402567518106,0,N
3,500002,B,L,220900,1,0,0,0,02mar2022 11:33:10,3,T,1646199402567518111,0,N
3,500002,B,L,220900,1,0,0,0,02mar2022 11:33:10,3,T,1646199402567518112,0,N
3,500002,S,L,220900,1,0,8,0,02mar2022 11:33:10,0,T,1646199402567518106,0,N
3,500002,S,L,220900,1,0,7,0,02mar2022 11:33:16,0,T,1646199402567518106,0,N
3,500002,B,L,220900,1,0,0,0,02mar2022 11:33:16,3,T,1646199402567518121,0,N
3,500002,B,L,220900,1,0,0,0,02mar2022 11:33:18,3,T,1646199402567518124,0,N
3,500002,S,L,220900,1,0,6,0,02mar2022 11:33:18,0,T,1646199402567518106,0,N
3,500002,S,L,220900,1,0,5,0,02mar2022 11:33:19,0,T,1646199402567518106,0,N
3,500002,B,L,220900,1,0,0,0,02mar2022 11:33:19,3,T,1646199402567518127,0,N
3,500002,B,L,220900,1,0,0,0,02mar2022 11:33:20,3,T,1646199402567518130,0,N
3,500002,S,L,220900,1,0,4,0,02mar2022 11:33:20,0,T,1646199402567518106,0,N
3,500002,S,L,220900,1,0,3,0,02mar2022 11:33:21,0,T,1646199402567518106,0,N
3,500002,B,L,220900,1,0,0,0,02mar2022 11:33:21,3,T,1646199402567518136,0,N
3,500002,B,L,220900,1,0,0,0,02mar2022 11:33:27,3,T,1646199402567518145,0,N
3,500002,S,L,220900,1,0,2,0,02mar2022 11:33:27,0,T,1646199402567518106,0,N
3,500002,S,L,220900,1,0,1,0,02mar2022 11:33:32,0,T,1646199402567518106,0,N
3,500002,B,L,220900,1,0,0,0,02mar2022 11:33:32,3,T,1646199402567518156,0,N
3,500002,B,L,220900,1,0,0,0,02mar2022 11:33:33,3,T,1646199402567518163,0,N
3,500002,S,L,220900,1,0,0,0,02mar2022 11:33:33,0,T,1646199402567518106,0,N
3,500002,S,L,220420,6,6,0,0,02mar2022 11:35:32,3,T,1646199402567719106,0,N
3,500002,B,L,220420,6,0,9,0,02mar2022 11:35:32,4,T,1646199402567719093,0,N
3,500002,B,L,220420,6,0,3,0,02mar2022 11:35:32,4,T,1646199402567719093,0,N
3,500002,S,L,220420,6,6,0,0,02mar2022 11:35:32,3,T,1646199402567719107,0,N
3,500002,B,L,220420,3,0,0,0,02mar2022 11:35:32,4,T,1646199402567719093,0,N
3,500002,S,L,220420,3,15,12,0,02mar2022 11:35:32,3,T,1646199402567719112,0,N
3,500002,S,L,220410,6,6,0,0,02mar2022 11:35:32,3,T,1646199402567719113,0,N
3,500002,B,L,220410,6,0,6,0,02mar2022 11:35:32,0,T,1646199402567719046,0,N
3,500002,B,L,220410,6,0,0,0,02mar2022 11:35:32,0,T,1646199402567719046,0,N
3,500002,S,L,220410,6,6,0,0,02mar2022 11:35:32,3,T,1646199402567719114,0,N
3,500002,S,L,220055,1,1,0,0,02mar2022 11:36:45,3,T,1646199402567719250,0,N
3,500002,B,L,220055,1,2,15,0,02mar2022 11:36:45,4,T,1646199402567719150,0,N
3,500002,B,L,220055,1,2,14,0,02mar2022 11:36:45,4,T,1646199402567719150,0,N
3,500002,S,L,220055,1,1,0,0,02mar2022 11:36:45,3,T,1646199402567719251,0,N
3,500002,B,L,220055,14,2,0,0,02mar2022 11:36:45,4,T,1646199402567719150,0,N
3,500002,S,L,220055,14,0,26,0,02mar2022 11:36:45,3,T,1646199402567719254,0,N
3,500002,B,L,220085,2,0,0,0,02mar2022 11:37:19,0,T,1646199402567719377,0,N
3,500002,B,L,220085,8,2,8,0,02mar2022 11:37:19,4,T,1646199402567719276,0,N
3,500002,S,G,220085,8,0,0,0,02mar2022 11:37:19,0,T,1646199402567517898,0,N
3,500002,S,G,220085,2,0,8,0,02mar2022 11:37:19,0,T,1646199402567517898,0,N
3,500002,B,G,221030,1,0,3,0,02mar2022 11:42:23,0,T,1646199402567880705,0,N
3,500002,S,L,221075,2,0,0,0,02mar2022 11:42:23,0,T,1646199402567718969,0,N
3,500002,B,G,221075,2,0,1,0,02mar2022 11:42:23,0,T,1646199402567880705,0,N
3,500002,B,G,221075,1,0,0,0,02mar2022 11:42:23,0,T,1646199402567880705,0,N
3,500002,S,L,221030,1,1,0,0,02mar2022 11:42:23,0,T,1646191800008003357,0,N
3,500002,S,L,221075,1,0,14,0,02mar2022 11:42:23,4,T,1646199402567880674,0,N
3,500002,B,L,220965,1,0,0,0,02mar2022 11:48:09,0,T,1646199402567881454,0,N
3,500002,S,L,220965,1,0,0,0,02mar2022 11:48:09,3,T,1646199402567881480,0,N
3,500002,S,L,220505,2,7,5,0,02mar2022 11:51:02,3,T,1646201843786018830,0,N
3,500002,B,L,220505,2,0,0,0,02mar2022 11:51:02,0,T,1646201843786018552,0,N
3,500002,S,L,220170,6,6,0,0,02mar2022 11:54:33,3,T,1646201843786019111,0,N
3,500002,B,L,220170,6,0,4,0,02mar2022 11:54:33,4,T,1646201843786019102,0,N
3,500002,B,L,220170,4,0,0,0,02mar2022 11:54:33,4,T,1646201843786019102,0,N
3,500002,S,L,220170,4,6,2,0,02mar2022 11:54:33,3,T,1646201843786019112,0,N
3,500002,S,L,220145,2,6,0,0,02mar2022 11:54:33,3,T,1646201843786019112,0,N
3,500002,B,L,220145,2,0,10,0,02mar2022 11:54:33,0,T,1646201843786019087,0,N
3,500002,B,L,219605,7,0,2,0,02mar2022 11:54:54,0,T,1646201843786019234,0,N
3,500002,B,L,219650,8,0,0,0,02mar2022 11:54:54,0,T,1646201843786019233,0,N
3,500002,S,G,219650,8,0,7,0,02mar2022 11:54:54,0,T,1646201843786019293,0,N
3,500002,S,G,219605,7,0,0,0,02mar2022 11:54:54,0,T,1646201843786019293,0,N
3,500002,S,L,219875,1,1,0,0,02mar2022 11:55:52,0,T,1646201843786018502,0,N
3,500002,S,L,220235,2,0,0,0,02mar2022 11:55:52,0,T,1646201843786019305,0,N
3,500002,S,L,220225,12,0,0,0,02mar2022 11:55:52,0,T,1646201843786019345,0,N
3,500002,S,L,220270,8,0,0,0,02mar2022 11:55:52,0,T,1646201843786019321,0,N
3,500002,S,L,220275,1,0,0,0,02mar2022 11:55:52,0,T,1646201843786019284,0,N
3,500002,S,L,220315,2,0,0,0,02mar2022 11:55:52,0,T,1646201843786019282,0,N
3,500002,S,L,220315,9,0,0,0,02mar2022 11:55:52,0,T,1646201843786019313,0,N
3,500002,S,L,220195,2,0,0,0,02mar2022 11:55:52,0,T,1646201843786019308,0,N
3,500002,S,L,220180,12,0,0,0,02mar2022 11:55:52,0,T,1646201843786019359,0,N
3,500002,S,L,220155,1,0,0,0,02mar2022 11:55:52,0,T,1646201843786019310,0,N
3,500002,S,L,220150,2,0,0,0,02mar2022 11:55:52,0,T,1646201843786019391,0,N
3,500002,S,L,220135,12,0,0,0,02mar2022 11:55:52,0,T,1646201843786232000,0,N
3,500002,S,L,220115,1,0,0,0,02mar2022 11:55:52,0,T,1646201843786019328,0,N
3,500002,S,L,220090,11,0,0,0,02mar2022 11:55:52,0,T,1646201843786232018,0,N
3,500002,S,L,219915,1,1,0,0,02mar2022 11:55:52,0,T,1646201843786018487,0,N
3,500002,S,L,220075,2,2,0,0,02mar2022 11:55:52,0,T,1646199402567881436,0,N
3,500002,S,L,220045,10,10,0,0,02mar2022 11:55:52,0,T,1646199402567881147,0,N
3,500002,S,L,220035,2,2,0,0,02mar2022 11:55:52,0,T,1646201843786018467,0,N
3,500002,S,L,220000,9,0,0,0,02mar2022 11:55:52,0,T,1646201843786232025,0,N
3,500002,S,L,219995,2,0,0,0,02mar2022 11:55:52,0,T,1646201843786232007,0,N
3,500002,S,L,219955,2,2,0,0,02mar2022 11:55:52,0,T,1646201843786018473,0,N
3,500002,S,L,220320,8,14,6,0,02mar2022 11:55:52,0,T,1646201843786019322,0,N
3,500002,S,L,220140,18,18,0,0,02mar2022 11:55:52,0,T,1646201843786232034,0,N
3,500002,S,L,220230,18,18,0,0,02mar2022 11:55:52,0,T,1646201843786019379,0,N
