sessionid,scripcode,buyorsell,typecode,rate,qty,minfillqty,avlqty,actionid,tradetimestamp,retetion,audcode,ordid,errorcode
3,500003,B,G,17295,30,0,0,0,2022-03-02 09:07:06.000089,0,T,1646191800088006075,0
3,500003,B,G,17295,31,0,0,0,2022-03-02 09:07:06.000089,0,T,1646191800088006040,0
3,500003,B,G,17295,27,0,31,0,2022-03-02 09:07:06.000089,0,T,1646191800088006040,0
3,500003,S,L,17295,31,0,44,0,2022-03-02 09:07:06.000089,0,T,1646191800088006062,0
3,500003,S,L,17295,30,0,3,0,2022-03-02 09:07:06.000089,0,T,1646191800088006062,0
3,500003,S,L,17295,10,0,34,0,2022-03-02 09:07:06.000089,0,T,1646191800088006062,0
3,500003,S,L,17295,4,0,30,0,2022-03-02 09:07:06.000089,0,T,1646191800088006062,0
3,500003,S,L,17295,27,0,0,0,2022-03-02 09:07:06.000089,0,T,1646191800088006073,0
3,500003,S,L,17295,53,0,27,0,2022-03-02 09:07:06.000089,0,T,1646191800088006073,0
3,500003,S,L,17295,20,0,80,0,2022-03-02 09:07:06.000089,0,T,1646191800088006073,0
3,500003,B,L,17295,30,0,55,0,2022-03-02 09:07:06.000089,4,T,1646191800088006056,0
3,500003,S,L,17295,30,0,0,0,2022-03-02 09:07:06.000089,0,T,1646191800088006067,0
3,500003,B,L,17295,30,0,25,0,2022-03-02 09:07:06.000089,4,T,1646191800088006056,0
3,500003,B,L,17295,5,0,20,0,2022-03-02 09:07:06.000089,4,T,1646191800088006056,0
3,500003,B,L,17295,20,0,0,0,2022-03-02 09:07:06.000089,4,T,1646191800088006056,0
3,500003,B,G,17295,53,0,0,0,2022-03-02 09:07:06.000089,0,T,1646191800088006039,0
3,500003,S,L,17295,30,0,0,0,2022-03-02 09:07:06.000089,0,T,1646191800088006049,0
3,500003,S,L,17295,5,0,0,0,2022-03-02 09:07:06.000089,4,T,1646191800088006008,0
3,500003,B,G,17295,4,0,0,0,2022-03-02 09:07:06.000089,0,T,1646191800088006066,0
3,500003,B,G,17295,10,0,0,0,2022-03-02 09:07:06.000089,0,T,1646191800088006048,0
3,500003,B,L,17170,1,0,0,0,2022-03-02 09:15:08.785239,0,T,1646191800088006342,0
3,500003,S,L,17170,1,3,2,0,2022-03-02 09:15:08.785239,0,T,1646191800088006341,0
3,500003,B,L,17100,1,0,0,0,2022-03-02 09:15:13.528438,4,T,1646191800088006415,0
3,500003,S,L,17100,1,0,0,0,2022-03-02 09:15:13.528438,3,T,1646191800088006487,0
3,500003,S,L,17065,3,0,3,0,2022-03-02 09:15:20.137604,3,T,1646191800088006672,0
3,500003,S,L,17060,3,0,0,0,2022-03-02 09:15:20.137604,3,T,1646191800088006672,0
3,500003,B,L,17065,3,3,0,0,2022-03-02 09:15:20.137604,0,T,1646191800088006651,0
3,500003,B,L,17060,3,0,0,0,2022-03-02 09:15:20.137604,4,T,1646191800088006622,0
3,500003,S,L,17065,1,0,2,0,2022-03-02 09:15:20.153542,3,T,1646191800088006682,0
3,500003,B,L,17065,1,1,0,0,2022-03-02 09:15:20.153542,0,T,1646191800088006681,0
3,500003,S,L,17070,3,3,0,0,2022-03-02 09:15:22.907452,0,T,1646191800088006760,0
3,500003,B,L,17070,3,3,0,0,2022-03-02 09:15:22.907452,3,T,1646191800088006773,0
3,500003,B,L,17060,3,3,0,0,2022-03-02 09:15:24.862724,3,T,1646191800088006836,0
3,500003,S,L,17060,3,3,0,0,2022-03-02 09:15:24.862724,0,T,1646191800088006830,0
3,500003,B,L,17070,69,69,0,0,2022-03-02 09:15:34.219374,3,T,1646191800088006985,0
3,500003,S,L,17070,69,0,31,0,2022-03-02 09:15:34.219374,0,T,1646191800088006779,0
3,500003,S,L,17070,31,0,0,0,2022-03-02 09:15:34.219573,0,T,1646191800088006779,0
3,500003,B,L,17070,31,0,69,0,2022-03-02 09:15:34.219573,3,T,1646191800088006986,0
3,500003,B,G,17100,10,0,0,0,2022-03-02 09:15:39.096666,0,T,1646191800088019014,0
3,500003,S,L,17100,10,0,62,0,2022-03-02 09:15:39.096666,0,T,1646191800088006713,0
3,500003,S,L,17100,3,0,59,0,2022-03-02 09:15:56.154115,0,T,1646191800088006713,0
3,500003,B,G,17100,3,0,0,0,2022-03-02 09:15:56.154115,0,T,1646191800088019172,0
3,500003,S,L,17060,2,0,0,0,2022-03-02 09:16:04.004272,3,T,1646191800088019217,0
3,500003,B,L,17060,2,0,0,0,2022-03-02 09:16:04.004272,0,T,1646191800088019157,0
3,500003,S,L,17065,3,0,0,0,2022-03-02 09:16:04.032820,3,T,1646191800088019227,0
3,500003,B,L,17065,3,3,0,0,2022-03-02 09:16:04.032820,0,T,1646191800088019185,0
3,500003,S,L,17045,3,3,0,0,2022-03-02 09:16:05.327626,0,T,1646191800088019308,0
3,500003,B,L,17045,3,3,0,0,2022-03-02 09:16:05.327626,3,T,1646191800088019309,0
3,500003,B,L,17025,3,3,0,0,2022-03-02 09:16:13.620294,0,T,1646191800088019452,0
3,500003,S,L,17025,3,0,0,0,2022-03-02 09:16:13.620294,3,T,1646191800088019471,0
3,500003,S,L,17025,3,0,0,0,2022-03-02 09:16:13.648954,3,T,1646191800088019489,0
3,500003,B,L,17025,3,3,0,0,2022-03-02 09:16:13.648954,0,T,1646191800088019479,0
3,500003,B,L,17020,1,0,0,0,2022-03-02 09:16:13.735800,4,T,1646191800088019436,0
3,500003,S,L,17020,1,0,0,0,2022-03-02 09:16:13.735800,3,T,1646191800088019491,0
3,500003,S,L,17000,2,0,0,0,2022-03-02 09:16:18.031885,3,T,1646191800088019735,0
3,500003,B,L,17000,2,0,0,0,2022-03-02 09:16:18.031885,0,T,1646191800088019156,0
3,500003,S,L,16960,3,3,0,0,2022-03-02 09:16:30.974104,0,T,1646191800088029161,0
3,500003,S,L,16960,44,0,0,0,2022-03-02 09:16:30.974104,4,T,1646191800088029166,0
3,500003,B,L,16960,3,0,44,0,2022-03-02 09:16:30.974104,3,T,1646191800088029172,0
3,500003,B,L,16960,44,0,0,0,2022-03-02 09:16:30.974104,3,T,1646191800088029172,0
3,500003,B,L,16945,1,0,0,0,2022-03-02 09:16:35.148937,3,T,1646191800088029523,0
3,500003,S,L,16945,1,1,0,0,2022-03-02 09:16:35.148937,0,T,1646191800088029507,0
3,500003,B,L,16960,20,0,0,0,2022-03-02 09:16:37.175221,3,T,1646191800088029549,0
3,500003,S,L,16960,20,0,0,0,2022-03-02 09:16:37.175221,4,T,1646191800088029544,0
3,500003,B,L,16965,86,0,17,0,2022-03-02 09:16:37.175322,3,T,1646191800088029551,0
3,500003,B,L,16965,17,0,0,0,2022-03-02 09:16:37.175322,3,T,1646191800088029551,0
3,500003,S,L,16965,17,0,0,0,2022-03-02 09:16:37.175322,4,T,1646191800088029324,0
3,500003,S,L,16965,86,0,0,0,2022-03-02 09:16:37.175322,0,T,1646191800088029312,0
3,500003,S,L,16975,89,0,0,0,2022-03-02 09:16:37.175500,0,T,1646191800088029309,0
3,500003,B,L,16975,89,0,98,0,2022-03-02 09:16:37.175500,3,T,1646191800088029552,0
3,500003,B,L,16920,1,1,0,0,2022-03-02 09:16:37.242053,0,T,1646191800088029183,0
3,500003,B,L,16915,10,0,0,0,2022-03-02 09:16:37.242053,0,T,1646191800088006003,0
3,500003,B,L,16910,16,0,0,0,2022-03-02 09:16:37.242053,0,T,1646191800088029377,0
3,500003,B,L,16915,44,0,0,0,2022-03-02 09:16:37.242053,4,T,1646191800088029564,0
3,500003,B,L,16915,1,0,0,0,2022-03-02 09:16:37.242053,0,T,1646191800088006037,0
3,500003,B,L,16910,15,0,0,0,2022-03-02 09:16:37.242053,0,T,1646191800088006180,0
3,500003,B,L,16910,13,0,37,0,2022-03-02 09:16:37.242053,4,T,1646191800088029554,0
3,500003,S,G,16910,15,0,13,0,2022-03-02 09:16:37.242053,0,T,1646191800088029565,0
3,500003,S,G,16910,16,0,28,0,2022-03-02 09:16:37.242053,0,T,1646191800088029565,0
3,500003,S,G,16915,44,0,44,0,2022-03-02 09:16:37.242053,0,T,1646191800088029565,0
3,500003,S,G,16920,1,0,99,0,2022-03-02 09:16:37.242053,0,T,1646191800088029565,0
3,500003,S,G,16915,10,0,89,0,2022-03-02 09:16:37.242053,0,T,1646191800088029565,0
3,500003,S,G,16910,13,0,0,0,2022-03-02 09:16:37.242053,0,T,1646191800088029565,0
3,500003,S,G,16915,1,0,88,0,2022-03-02 09:16:37.242053,0,T,1646191800088029565,0
3,500003,S,L,16965,1,1,0,0,2022-03-02 09:16:37.299910,0,T,1646191800088029567,0
3,500003,B,L,16965,1,0,0,0,2022-03-02 09:16:37.299910,3,T,1646191800088029573,0
3,500003,B,L,16995,10,0,0,0,2022-03-02 09:16:37.505035,0,T,1646191800088029579,0
3,500003,S,L,16995,10,0,66,0,2022-03-02 09:16:37.505035,0,T,1646191800088029141,0
3,500003,S,L,16950,40,0,43,0,2022-03-02 09:16:40.096155,0,T,1646191800088029613,0
3,500003,B,L,16950,40,0,0,0,2022-03-02 09:16:40.096155,3,T,1646191800088029614,0
3,500003,S,L,16950,43,0,0,0,2022-03-02 09:16:40.096199,0,T,1646191800088029613,0
3,500003,B,L,16950,43,0,40,0,2022-03-02 09:16:40.096199,3,T,1646191800088029615,0
3,500003,B,L,17000,98,0,0,0,2022-03-02 09:16:46.660445,3,T,1646191800088029690,0
3,500003,S,L,17000,98,0,202,0,2022-03-02 09:16:46.660445,0,T,1646191800088019112,0
3,500003,S,L,17000,202,0,0,0,2022-03-02 09:16:46.660499,0,T,1646191800088019112,0
3,500003,B,L,17000,202,0,0,0,2022-03-02 09:16:46.660499,3,T,1646191800088029691,0
3,500003,B,L,17005,84,0,99,0,2022-03-02 09:16:46.660554,3,T,1646191800088029692,0
3,500003,S,L,17005,84,0,0,0,2022-03-02 09:16:46.660554,0,T,1646191800088029130,0
3,500003,S,L,17015,88,0,0,0,2022-03-02 09:16:46.660604,0,T,1646191800088029135,0
3,500003,B,L,17015,15,0,0,0,2022-03-02 09:16:46.660604,3,T,1646191800088029693,0
3,500003,B,L,17015,88,0,15,0,2022-03-02 09:16:46.660604,3,T,1646191800088029693,0
3,500003,S,L,17015,15,0,0,0,2022-03-02 09:16:46.660604,0,T,1646191800088006184,0
3,500003,S,L,17065,3,0,112,0,2022-03-02 09:16:52.866749,0,T,1646191800088019512,0
3,500003,B,G,17065,3,0,0,0,2022-03-02 09:16:52.866749,0,T,1646191800088029826,0
3,500003,B,L,17000,10,0,0,0,2022-03-02 09:17:12.808173,0,T,1646191800088029967,0
3,500003,S,L,17000,10,0,0,0,2022-03-02 09:17:12.808173,3,T,1646191800088029991,0
3,500003,S,L,17005,1,0,10,0,2022-03-02 09:17:12.808173,3,T,1646191800088029991,0
3,500003,B,L,17005,1,1,0,0,2022-03-02 09:17:12.808173,0,T,1646191800088029980,0
3,500003,S,L,16990,1,0,0,0,2022-03-02 09:17:12.808393,3,T,1646191800088029996,0
3,500003,B,L,16990,1,0,0,0,2022-03-02 09:17:12.808393,0,T,1646191800088029971,0
3,500003,B,L,16985,97,0,0,0,2022-03-02 09:17:12.808522,0,T,1646191800088029972,0
3,500003,B,L,16985,15,0,0,0,2022-03-02 09:17:12.808522,0,T,1646191800088006186,0
3,500003,S,L,16985,97,0,0,0,2022-03-02 09:17:12.808522,3,T,1646191800088035001,0
3,500003,S,L,16985,15,0,97,0,2022-03-02 09:17:12.808522,3,T,1646191800088035001,0
3,500003,S,L,17005,1,0,0,0,2022-03-02 09:17:12.822761,3,T,1646191800088035004,0
3,500003,B,L,17005,1,1,0,0,2022-03-02 09:17:12.822761,0,T,1646191800088035002,0
3,500003,S,L,17010,1,1,0,0,2022-03-02 09:17:13.914244,0,T,1646191800088035027,0
3,500003,S,L,17015,4,0,40,0,2022-03-02 09:17:13.914244,4,T,1646191800088035025,0
3,500003,B,G,17015,4,0,0,0,2022-03-02 09:17:13.914244,0,T,1646191800088035028,0
3,500003,B,G,17010,1,0,4,0,2022-03-02 09:17:13.914244,0,T,1646191800088035028,0
3,500003,B,L,16980,1,1,0,0,2022-03-02 09:17:16.252237,0,T,1646191800088035029,0
3,500003,B,L,16975,54,0,0,0,2022-03-02 09:17:16.252237,0,T,1646191800088035034,0
3,500003,B,L,16970,21,0,0,0,2022-03-02 09:17:16.252237,0,T,1646191800088029749,0
3,500003,B,L,16970,121,0,0,0,2022-03-02 09:17:16.252237,0,T,1646191800088029906,0
3,500003,B,L,16965,54,0,0,0,2022-03-02 09:17:16.252237,0,T,1646191800088029741,0
3,500003,B,L,16960,80,0,0,0,2022-03-02 09:17:16.252237,0,T,1646191800088035042,0
3,500003,B,L,16955,122,0,0,0,2022-03-02 09:17:16.252237,0,T,1646191800088029907,0
3,500003,B,L,16940,123,0,0,0,2022-03-02 09:17:16.252237,0,T,1646191800088029908,0
3,500003,B,L,16975,44,0,0,0,2022-03-02 09:17:16.252237,4,T,1646191800088035016,0
3,500003,B,L,16945,15,0,0,0,2022-03-02 09:17:16.252237,0,T,1646191800088006193,0
3,500003,B,L,16940,205,0,63,0,2022-03-02 09:17:16.252237,4,T,1646191800088029998,0
3,500003,S,G,16940,205,0,0,0,2022-03-02 09:17:16.252237,0,T,1646191800088035069,0
3,500003,S,G,16940,123,0,205,0,2022-03-02 09:17:16.252237,0,T,1646191800088035069,0
3,500003,S,G,16945,15,0,328,0,2022-03-02 09:17:16.252237,0,T,1646191800088035069,0
3,500003,S,G,16950,160,0,343,0,2022-03-02 09:17:16.252237,0,T,1646191800088035069,0
3,500003,S,G,16955,122,0,503,0,2022-03-02 09:17:16.252237,0,T,1646191800088035069,0
3,500003,S,G,16960,80,0,625,0,2022-03-02 09:17:16.252237,0,T,1646191800088035069,0
3,500003,S,G,16965,54,0,705,0,2022-03-02 09:17:16.252237,0,T,1646191800088035069,0
3,500003,S,G,16970,121,0,759,0,2022-03-02 09:17:16.252237,0,T,1646191800088035069,0
3,500003,S,G,16970,21,0,880,0,2022-03-02 09:17:16.252237,0,T,1646191800088035069,0
3,500003,S,G,16975,54,0,901,0,2022-03-02 09:17:16.252237,0,T,1646191800088035069,0
3,500003,S,G,16975,44,0,955,0,2022-03-02 09:17:16.252237,0,T,1646191800088035069,0
3,500003,S,G,16980,1,0,999,0,2022-03-02 09:17:16.252237,0,T,1646191800088035069,0
3,500003,B,L,16950,160,0,0,0,2022-03-02 09:17:16.252237,0,T,1646191800088029781,0
3,500003,S,L,16990,100,0,0,0,2022-03-02 09:17:17.122982,3,T,1646191800088035118,0
3,500003,B,L,16990,100,0,0,0,2022-03-02 09:17:17.122982,0,T,1646191800088035102,0
3,500003,B,L,16995,1,0,0,0,2022-03-02 09:17:20.422385,3,T,1646191800088035211,0
3,500003,S,L,16995,1,1,0,0,2022-03-02 09:17:20.422385,0,T,1646191800088035201,0
3,500003,S,L,17000,1,1,0,0,2022-03-02 09:17:25.997939,0,T,1646191800088035257,0
3,500003,B,L,17000,1,0,0,0,2022-03-02 09:17:25.997939,3,T,1646191800088035262,0
3,500003,B,L,16970,10,0,34,0,2022-03-02 09:17:34.131782,4,T,1646191800088035296,0
3,500003,S,L,16970,10,1,0,0,2022-03-02 09:17:34.131782,4,T,1646191800088035320,0
3,500003,S,L,17010,20,0,0,0,2022-03-02 09:17:34.171575,4,T,1646191800088035132,0
3,500003,B,L,17010,20,20,0,0,2022-03-02 09:17:34.171575,3,T,1646191800088035322,0
3,500003,S,L,17030,20,0,0,0,2022-03-02 09:17:34.303327,4,T,1646191800088029986,0
3,500003,S,L,17035,20,0,0,0,2022-03-02 09:17:34.303327,4,T,1646191800088029952,0
3,500003,S,L,17020,25,0,0,0,2022-03-02 09:17:34.303327,0,T,1646191800088035255,0
3,500003,S,L,17025,17,0,0,0,2022-03-02 09:17:34.303327,0,T,1646191800088035011,0
3,500003,S,L,17045,19,0,35,0,2022-03-02 09:17:34.303327,0,T,1646191800088035189,0
3,500003,S,L,17030,12,0,0,0,2022-03-02 09:17:34.303327,0,T,1646191800088035261,0
3,500003,S,L,17035,72,0,0,0,2022-03-02 09:17:34.303327,0,T,1646191800088035158,0
3,500003,S,L,17030,15,0,0,0,2022-03-02 09:17:34.303327,0,T,1646191800088006179,0
3,500003,B,G,17045,19,0,0,0,2022-03-02 09:17:34.303327,0,T,1646191800088035323,0
3,500003,B,G,17020,25,0,175,0,2022-03-02 09:17:34.303327,0,T,1646191800088035323,0
3,500003,B,G,17025,17,0,158,0,2022-03-02 09:17:34.303327,0,T,1646191800088035323,0
3,500003,B,G,17030,20,0,138,0,2022-03-02 09:17:34.303327,0,T,1646191800088035323,0
3,500003,B,G,17035,72,0,19,0,2022-03-02 09:17:34.303327,0,T,1646191800088035323,0
3,500003,B,G,17035,20,0,91,0,2022-03-02 09:17:34.303327,0,T,1646191800088035323,0
3,500003,B,G,17030,15,0,123,0,2022-03-02 09:17:34.303327,0,T,1646191800088035323,0
3,500003,B,G,17030,12,0,111,0,2022-03-02 09:17:34.303327,0,T,1646191800088035323,0
3,500003,S,L,17095,209,0,171,0,2022-03-02 09:17:57.051371,4,T,1646191800088035266,0
3,500003,S,L,17095,160,0,0,0,2022-03-02 09:17:57.051371,0,T,1646191800088035313,0
3,500003,S,L,17095,15,15,0,0,2022-03-02 09:17:57.051371,0,T,1646191800088029709,0
3,500003,S,L,17080,15,0,0,0,2022-03-02 09:17:57.051371,0,T,1646191800088006183,0
3,500003,S,L,17055,15,0,0,0,2022-03-02 09:17:57.051371,0,T,1646191800088006182,0
3,500003,S,L,17095,118,0,0,0,2022-03-02 09:17:57.051371,0,T,1646191800088019291,0
3,500003,S,L,17045,35,0,0,0,2022-03-02 09:17:57.051371,0,T,1646191800088035189,0
3,500003,S,L,17050,117,0,0,0,2022-03-02 09:17:57.051371,0,T,1646191800088035111,0
3,500003,S,L,17060,80,0,0,0,2022-03-02 09:17:57.051371,0,T,1646191800088035474,0
3,500003,S,L,17080,95,0,0,0,2022-03-02 09:17:57.051371,0,T,1646191800088019418,0
3,500003,S,L,17065,112,0,0,0,2022-03-02 09:17:57.051371,0,T,1646191800088019512,0
3,500003,S,L,17085,19,19,0,0,2022-03-02 09:17:57.051371,0,T,1646191800088006102,0
3,500003,B,L,17045,35,0,955,0,2022-03-02 09:17:57.051371,0,T,1646191800088035522,0
3,500003,B,L,17050,117,0,838,0,2022-03-02 09:17:57.051371,0,T,1646191800088035522,0
3,500003,B,L,17055,15,0,823,0,2022-03-02 09:17:57.051371,0,T,1646191800088035522,0
3,500003,B,L,17060,80,0,743,0,2022-03-02 09:17:57.051371,0,T,1646191800088035522,0
3,500003,B,L,17095,118,0,384,0,2022-03-02 09:17:57.051371,0,T,1646191800088035522,0
3,500003,B,L,17065,112,0,631,0,2022-03-02 09:17:57.051371,0,T,1646191800088035522,0
3,500003,B,L,17085,19,0,502,0,2022-03-02 09:17:57.051371,0,T,1646191800088035522,0
3,500003,B,L,17095,15,0,369,0,2022-03-02 09:17:57.051371,0,T,1646191800088035522,0
3,500003,B,L,17080,15,0,521,0,2022-03-02 09:17:57.051371,0,T,1646191800088035522,0
3,500003,B,L,17095,160,0,209,0,2022-03-02 09:17:57.051371,0,T,1646191800088035522,0
3,500003,B,L,17095,209,0,0,0,2022-03-02 09:17:57.051371,0,T,1646191800088035522,0
3,500003,B,L,17080,95,0,536,0,2022-03-02 09:17:57.051371,0,T,1646191800088035522,0
3,500003,B,G,17050,14,0,0,0,2022-03-02 09:17:57.928637,0,T,1646191800088035555,0
3,500003,S,L,17050,14,0,1,0,2022-03-02 09:17:57.928637,0,T,1646191800088035326,0
3,500003,S,L,17050,1,0,0,0,2022-03-02 09:18:02.446340,0,T,1646191800088035326,0
3,500003,S,L,17060,32,0,18,0,2022-03-02 09:18:02.446340,4,T,1646191800088035573,0
3,500003,S,L,17060,67,67,0,0,2022-03-02 09:18:02.446340,0,T,1646191800088035536,0
3,500003,B,G,17050,1,0,99,0,2022-03-02 09:18:02.446340,0,T,1646191800088035582,0
3,500003,B,G,17060,67,0,32,0,2022-03-02 09:18:02.446340,0,T,1646191800088035582,0
3,500003,B,G,17060,32,0,0,0,2022-03-02 09:18:02.446340,0,T,1646191800088035582,0
3,500003,B,G,17070,21,0,92,0,2022-03-02 09:18:05.465866,4,T,1646191800088035649,0
3,500003,B,G,17065,15,0,155,0,2022-03-02 09:18:05.465866,4,T,1646191800088035649,0
3,500003,B,G,17075,21,0,71,0,2022-03-02 09:18:05.465866,4,T,1646191800088035649,0
3,500003,B,G,17070,21,0,134,0,2022-03-02 09:18:05.465866,4,T,1646191800088035649,0
3,500003,B,G,17070,21,0,113,0,2022-03-02 09:18:05.465866,4,T,1646191800088035649,0
3,500003,B,G,17060,80,0,170,0,2022-03-02 09:18:05.465866,4,T,1646191800088035649,0
3,500003,B,G,17075,21,0,29,0,2022-03-02 09:18:05.465866,4,T,1646191800088035649,0
3,500003,B,G,17080,15,0,14,0,2022-03-02 09:18:05.465866,4,T,1646191800088035649,0
3,500003,B,G,17075,21,0,50,0,2022-03-02 09:18:05.465866,4,T,1646191800088035649,0
3,500003,B,G,17080,14,0,0,0,2022-03-02 09:18:05.465866,4,T,1646191800088035649,0
3,500003,S,L,17080,14,0,286,0,2022-03-02 09:18:05.465866,4,T,1646191800088035641,0
3,500003,S,L,17075,21,0,0,0,2022-03-02 09:18:05.465866,4,T,1646191800088035638,0
3,500003,S,L,17060,80,0,0,0,2022-03-02 09:18:05.465866,0,T,1646191800088035589,0
3,500003,S,L,17075,21,0,0,0,2022-03-02 09:18:05.465866,4,T,1646191800088035647,0
3,500003,S,L,17075,21,0,0,0,2022-03-02 09:18:05.465866,4,T,1646191800088035636,0
3,500003,S,L,17070,21,0,0,0,2022-03-02 09:18:05.465866,4,T,1646191800088035646,0
3,500003,S,L,17070,21,0,0,0,2022-03-02 09:18:05.465866,4,T,1646191800088035644,0
3,500003,S,L,17070,21,0,0,0,2022-03-02 09:18:05.465866,4,T,1646191800088035639,0
3,500003,S,L,17080,15,15,0,0,2022-03-02 09:18:05.465866,0,T,1646191800088035532,0
3,500003,S,L,17065,15,15,0,0,2022-03-02 09:18:05.465866,0,T,1646191800088035531,0
3,500003,B,L,17005,1,1,0,0,2022-03-02 09:18:06.857879,0,T,1646191800088035648,0
3,500003,S,L,17005,1,0,0,0,2022-03-02 09:18:06.857879,3,T,1646191800088035674,0
3,500003,B,L,17000,10,0,0,0,2022-03-02 09:18:06.858047,0,T,1646191800088035305,0
3,500003,S,L,17000,10,0,530,0,2022-03-02 09:18:06.858047,3,T,1646191800088035677,0
3,500003,S,L,17005,1,0,0,0,2022-03-02 09:18:06.886428,3,T,1646191800088035690,0
3,500003,B,L,17005,1,1,0,0,2022-03-02 09:18:06.886428,0,T,1646191800088035683,0
3,500003,S,L,17015,1,1,0,0,2022-03-02 09:18:09.890813,0,T,1646191800088035851,0
3,500003,S,L,17020,74,0,56,0,2022-03-02 09:18:09.890813,0,T,1646191800088035810,0
3,500003,B,G,17015,1,0,74,0,2022-03-02 09:18:09.890813,0,T,1646191800088035857,0
3,500003,B,G,17020,74,0,0,0,2022-03-02 09:18:09.890813,0,T,1646191800088035857,0
3,500003,S,G,16985,1,0,0,0,2022-03-02 09:18:15.536490,0,T,1646191800088048322,0
3,500003,B,L,16985,1,1,0,0,2022-03-02 09:18:15.536490,0,T,1646191800088035858,0
3,500003,S,L,17000,99,0,0,0,2022-03-02 09:18:30.641600,3,T,1646191800088048379,0
3,500003,B,L,17000,99,0,0,0,2022-03-02 09:18:30.641600,4,T,1646191800088048378,0
3,500003,B,G,17010,1,0,0,0,2022-03-02 09:18:33.452092,0,T,1646191800088048400,0
3,500003,S,L,17010,1,0,17,0,2022-03-02 09:18:33.452092,4,T,1646191800088048356,0
3,500003,B,L,16975,1,0,0,0,2022-03-02 09:18:41.964658,0,T,1646191800088048368,0
3,500003,S,L,16975,1,0,539,0,2022-03-02 09:18:41.964658,3,T,1646191800088048445,0
3,500003,B,L,16955,97,0,0,0,2022-03-02 09:19:01.941224,0,T,1646191800088048610,0
3,500003,B,L,16955,94,0,0,0,2022-03-02 09:19:01.941224,0,T,1646191800088048611,0
3,500003,B,L,16950,2,0,13,0,2022-03-02 09:19:01.941224,0,T,1646191800088035336,0
3,500003,S,G,16955,94,0,2,0,2022-03-02 09:19:01.941224,0,T,1646191800088048612,0
3,500003,S,G,16955,97,0,96,0,2022-03-02 09:19:01.941224,0,T,1646191800088048612,0
3,500003,S,G,16950,2,0,0,0,2022-03-02 09:19:01.941224,0,T,1646191800088048612,0
3,500003,S,G,16970,7,0,193,0,2022-03-02 09:19:01.941224,0,T,1646191800088048612,0
3,500003,B,L,16970,7,0,0,0,2022-03-02 09:19:01.941224,0,T,1646191800088048609,0
3,500003,S,L,16980,14,0,5,0,2022-03-02 09:19:02.597886,4,T,1646191800088048548,0
3,500003,B,G,16975,1,0,14,0,2022-03-02 09:19:02.597886,0,T,1646191800088048620,0
3,500003,B,G,16980,14,0,0,0,2022-03-02 09:19:02.597886,0,T,1646191800088048620,0
3,500003,S,L,16975,1,1,0,0,2022-03-02 09:19:02.597886,0,T,1646191800088048345,0
3,500003,S,L,16975,1,1,0,0,2022-03-02 09:19:17.514115,0,T,1646191800088048635,0
3,500003,B,G,16975,1,0,9,0,2022-03-02 09:19:17.514115,4,T,1646191800088048681,0
3,500003,B,G,16975,9,0,0,0,2022-03-02 09:19:17.514115,4,T,1646191800088048681,0
3,500003,S,L,16975,9,0,11,0,2022-03-02 09:19:17.514115,4,T,1646191800088048645,0
3,500003,B,L,16975,11,0,95,0,2022-03-02 09:19:25.954076,3,T,1646191800088048713,0
3,500003,B,L,16975,95,0,0,0,2022-03-02 09:19:25.954076,3,T,1646191800088048713,0
3,500003,S,L,16975,11,0,0,0,2022-03-02 09:19:25.954076,4,T,1646191800088048645,0
3,500003,S,L,16975,95,95,0,0,2022-03-02 09:19:25.954076,4,T,1646191800088048668,0
3,500003,S,L,16995,38,0,0,0,2022-03-02 09:19:34.228760,0,T,1646191800088048526,0
3,500003,S,L,17015,46,0,39,0,2022-03-02 09:19:34.228760,0,T,1646191800088048503,0
3,500003,S,L,17000,38,0,0,0,2022-03-02 09:19:34.228760,0,T,1646191800088048467,0
3,500003,S,L,17005,94,0,0,0,2022-03-02 09:19:34.228760,0,T,1646191800088048421,0
3,500003,S,L,17005,84,0,0,0,2022-03-02 09:19:34.228760,0,T,1646191800088048501,0
3,500003,B,G,17015,46,0,0,0,2022-03-02 09:19:34.228760,0,T,1646191800088048751,0
3,500003,B,G,16995,38,0,262,0,2022-03-02 09:19:34.228760,0,T,1646191800088048751,0
3,500003,B,G,17005,84,0,46,0,2022-03-02 09:19:34.228760,0,T,1646191800088048751,0
3,500003,B,G,17000,38,0,224,0,2022-03-02 09:19:34.228760,0,T,1646191800088048751,0
3,500003,B,G,17005,94,0,130,0,2022-03-02 09:19:34.228760,0,T,1646191800088048751,0
3,500003,S,L,17015,25,0,14,0,2022-03-02 09:19:43.006486,0,T,1646191800088048503,0
3,500003,B,G,17015,25,0,0,0,2022-03-02 09:19:43.006486,0,T,1646191800088048779,0
3,500003,S,G,16960,20,0,0,0,2022-03-02 09:19:51.867182,0,T,1646191800088048803,0
3,500003,S,G,16965,38,0,20,0,2022-03-02 09:19:51.867182,0,T,1646191800088048803,0
3,500003,S,G,16965,1,0,58,0,2022-03-02 09:19:51.867182,0,T,1646191800088048803,0
3,500003,B,L,16965,38,0,0,0,2022-03-02 09:19:51.867182,0,T,1646191800088048784,0
3,500003,B,L,16960,20,0,18,0,2022-03-02 09:19:51.867182,0,T,1646191800088048783,0
3,500003,B,L,16965,1,1,0,0,2022-03-02 09:19:51.867182,0,T,1646191800088048782,0
3,500003,S,L,17000,20,0,0,0,2022-03-02 09:20:07.860111,0,T,1646191800088048817,0
3,500003,B,G,17000,20,0,0,0,2022-03-02 09:20:07.860111,0,T,1646191800088048823,0
3,500003,B,G,17010,19,0,0,0,2022-03-02 09:20:11.880297,0,T,1646191800088048837,0
3,500003,B,G,17005,20,0,19,0,2022-03-02 09:20:11.880297,0,T,1646191800088048837,0
3,500003,B,G,17000,1,0,39,0,2022-03-02 09:20:11.880297,0,T,1646191800088048837,0
3,500003,S,L,17005,20,0,0,0,2022-03-02 09:20:11.880297,0,T,1646191800088048814,0
3,500003,S,L,17010,19,0,1,0,2022-03-02 09:20:11.880297,0,T,1646191800088048806,0
3,500003,S,L,17000,1,1,0,0,2022-03-02 09:20:11.880297,0,T,1646191800088048816,0
3,500003,S,L,17000,45,0,0,0,2022-03-02 09:20:31.452012,3,T,1646191800088048913,0
3,500003,B,L,17000,45,200,155,0,2022-03-02 09:20:31.452012,4,T,1646191800088048909,0
3,500003,B,L,17000,155,200,0,0,2022-03-02 09:20:31.797930,4,T,1646191800088048909,0
3,500003,S,L,17000,155,0,385,0,2022-03-02 09:20:31.797930,3,T,1646191800088048916,0
3,500003,S,L,17020,47,0,0,0,2022-03-02 09:20:56.613915,4,T,1646191800088048905,0
3,500003,B,L,17020,47,0,0,0,2022-03-02 09:20:56.613915,3,T,1646191800088049013,0
3,500003,S,L,17000,1,0,65,0,2022-03-02 09:21:16.701854,3,T,1646191800088049154,0
3,500003,S,L,17000,50,0,15,0,2022-03-02 09:21:16.701854,3,T,1646191800088049154,0
3,500003,S,L,17000,10,0,5,0,2022-03-02 09:21:16.701854,3,T,1646191800088049154,0
3,500003,S,L,17000,5,0,0,0,2022-03-02 09:21:16.701854,3,T,1646191800088049154,0
3,500003,B,L,17000,5,0,0,0,2022-03-02 09:21:16.701854,0,T,1646191800088049116,0
3,500003,B,L,17000,50,0,0,0,2022-03-02 09:21:16.701854,0,T,1646191800088049114,0
3,500003,B,L,17000,1,1,0,0,2022-03-02 09:21:16.701854,0,T,1646191800088049025,0
3,500003,B,L,17000,10,0,0,0,2022-03-02 09:21:16.701854,0,T,1646191800088049115,0
3,500003,S,L,16995,15,0,0,0,2022-03-02 09:21:16.701965,3,T,1646191800088049156,0
3,500003,S,L,16995,90,0,15,0,2022-03-02 09:21:16.701965,3,T,1646191800088049156,0
3,500003,B,L,16995,90,0,0,0,2022-03-02 09:21:16.701965,0,T,1646191800088049012,0
3,500003,B,L,16995,15,0,0,0,2022-03-02 09:21:16.701965,0,T,1646191800088035347,0
3,500003,S,L,17000,1,0,605,0,2022-03-02 09:21:16.730528,3,T,1646191800088049179,0
3,500003,B,L,17000,1,1,0,0,2022-03-02 09:21:16.730528,0,T,1646191800088049175,0
3,500003,B,L,16995,51,51,0,0,2022-03-02 09:21:24.551869,3,T,1646191800088049262,0
3,500003,S,L,16995,51,0,0,0,2022-03-02 09:21:24.551869,4,T,1646191800088049249,0
3,500003,S,L,17005,46,0,0,0,2022-03-02 09:21:24.552041,4,T,1646191800088049235,0
3,500003,S,L,17000,1,1,0,0,2022-03-02 09:21:24.552041,0,T,1646191800088049259,0
3,500003,B,L,17000,1,0,617,0,2022-03-02 09:21:24.552041,3,T,1646191800088049265,0
3,500003,B,L,17005,46,0,571,0,2022-03-02 09:21:24.552041,3,T,1646191800088049265,0
3,500003,B,L,17010,53,0,268,0,2022-03-02 09:21:24.552304,3,T,1646191800088049271,0
3,500003,S,L,17010,53,0,0,0,2022-03-02 09:21:24.552304,4,T,1646191800088049238,0
3,500003,S,L,17015,53,0,0,0,2022-03-02 09:21:24.581240,4,T,1646191800088049239,0
3,500003,B,L,17015,53,0,565,0,2022-03-02 09:21:24.581240,3,T,1646191800088049287,0
3,500003,B,L,17025,1,0,0,0,2022-03-02 09:21:31.661325,3,T,1646191800088073567,0
3,500003,S,L,17025,1,1,0,0,2022-03-02 09:21:31.661325,0,T,1646191800088073533,0
3,500003,S,L,17030,54,0,0,0,2022-03-02 09:21:31.661451,0,T,1646191800088073528,0
3,500003,B,L,17030,54,0,1,0,2022-03-02 09:21:31.661451,3,T,1646191800088073569,0
3,500003,B,L,17035,124,0,0,0,2022-03-02 09:21:31.661573,3,T,1646191800088073570,0
3,500003,S,L,17035,124,0,0,0,2022-03-02 09:21:31.661573,0,T,1646191800088049199,0
3,500003,S,L,17040,54,0,0,0,2022-03-02 09:21:31.661654,0,T,1646191800088073552,0
3,500003,S,L,17045,89,0,11,0,2022-03-02 09:21:31.661654,0,T,1646191800088048821,0
3,500003,B,L,17045,89,0,0,0,2022-03-02 09:21:31.661654,3,T,1646191800088073572,0
3,500003,B,L,17040,54,0,89,0,2022-03-02 09:21:31.661654,3,T,1646191800088073572,0
3,500003,S,L,17010,1,0,0,0,2022-03-02 09:21:32.049787,3,T,1646191800088073592,0
3,500003,B,L,17010,1,1,0,0,2022-03-02 09:21:32.049787,0,T,1646191800088073549,0
3,500003,B,L,17005,1,1,0,0,2022-03-02 09:21:32.079865,0,T,1646191800088073600,0
3,500003,S,L,17005,1,0,0,0,2022-03-02 09:21:32.079865,3,T,1646191800088073602,0
3,500003,S,L,16995,94,0,54,0,2022-03-02 09:21:32.922581,3,T,1646191800088073613,0
3,500003,B,L,16995,94,0,0,0,2022-03-02 09:21:32.922581,0,T,1646191800088073548,0
3,500003,S,L,16990,44,0,148,0,2022-03-02 09:21:32.922647,3,T,1646191800088073615,0
3,500003,B,L,16990,44,0,0,0,2022-03-02 09:21:32.922647,4,T,1646191800088073607,0
3,500003,S,L,16985,15,0,174,0,2022-03-02 09:21:32.922782,3,T,1646191800088073620,0
3,500003,S,L,16985,77,0,97,0,2022-03-02 09:21:32.922782,3,T,1646191800088073620,0
3,500003,B,L,16985,77,0,0,0,2022-03-02 09:21:32.922782,0,T,1646191800088049297,0
3,500003,B,L,16985,15,0,0,0,2022-03-02 09:21:32.922782,0,T,1646191800088035324,0
3,500003,S,L,17015,1,1,0,0,2022-03-02 09:21:33.308402,0,T,1646191800088073629,0
3,500003,B,L,17015,1,0,0,0,2022-03-02 09:21:33.308402,0,T,1646191800088073647,0
3,500003,B,L,16985,1,1,0,0,2022-03-02 09:21:33.338778,0,T,1646191800088073652,0
3,500003,S,L,16985,1,0,0,0,2022-03-02 09:21:33.338778,3,T,1646191800088073654,0
3,500003,S,G,16975,55,0,0,0,2022-03-02 09:21:34.300088,0,T,1646191800088073679,0
3,500003,B,L,16975,55,0,39,0,2022-03-02 09:21:34.300088,0,T,1646191800088049016,0
3,500003,B,L,17000,1,46,454,0,2022-03-02 09:21:34.380871,0,T,1646191800088073681,0
3,500003,S,L,17000,1,1,0,0,2022-03-02 09:21:34.380871,0,T,1646191800088073676,0
3,500003,S,L,17010,1,1,0,0,2022-03-02 09:21:34.409554,0,T,1646191800088073693,0
3,500003,B,L,17010,1,0,3,0,2022-03-02 09:21:34.409554,3,T,1646191800088073697,0
3,500003,S,L,17015,29,0,0,0,2022-03-02 09:21:35.389638,4,T,1646191800088073661,0
3,500003,B,L,17015,29,29,0,0,2022-03-02 09:21:35.389638,3,T,1646191800088073703,0
3,500003,S,L,17005,1,0,0,0,2022-03-02 09:21:36.927861,3,T,1646191800088073726,0
3,500003,B,L,17005,1,1,0,0,2022-03-02 09:21:36.927861,0,T,1646191800088073695,0
3,500003,S,L,17000,45,0,0,0,2022-03-02 09:21:36.928376,3,T,1646191800088073734,0
3,500003,B,L,17000,45,46,409,0,2022-03-02 09:21:36.928376,0,T,1646191800088073681,0
3,500003,B,L,17000,46,46,363,0,2022-03-02 09:21:36.928472,0,T,1646191800088073681,0
3,500003,S,L,17000,46,0,0,0,2022-03-02 09:21:36.928472,3,T,1646191800088073735,0
3,500003,S,L,17000,45,0,0,0,2022-03-02 09:21:36.942870,3,T,1646191800088073745,0
3,500003,S,L,17005,1,0,45,0,2022-03-02 09:21:36.942870,3,T,1646191800088073745,0
3,500003,B,L,17000,45,46,318,0,2022-03-02 09:21:36.942870,0,T,1646191800088073681,0
3,500003,B,L,17005,1,1,0,0,2022-03-02 09:21:36.942870,0,T,1646191800088073742,0
3,500003,B,L,17000,46,46,272,0,2022-03-02 09:21:36.943014,0,T,1646191800088073681,0
3,500003,S,L,17000,46,0,0,0,2022-03-02 09:21:36.943014,3,T,1646191800088073746,0
3,500003,S,L,17000,1,0,0,0,2022-03-02 09:21:36.957870,3,T,1646191800088073752,0
3,500003,B,L,17000,1,46,271,0,2022-03-02 09:21:36.957870,0,T,1646191800088073681,0
3,500003,B,L,17000,46,46,225,0,2022-03-02 09:21:36.972352,0,T,1646191800088073681,0
3,500003,S,L,17000,46,0,0,0,2022-03-02 09:21:36.972352,3,T,1646191800088073753,0
3,500003,S,L,17000,46,0,0,0,2022-03-02 09:21:36.986829,3,T,1646191800088073754,0
3,500003,B,L,17000,46,46,179,0,2022-03-02 09:21:36.986829,0,T,1646191800088073681,0
3,500003,B,L,17000,46,46,133,0,2022-03-02 09:21:37.001337,0,T,1646191800088073681,0
3,500003,S,L,17000,46,0,0,0,2022-03-02 09:21:37.001337,3,T,1646191800088073756,0
3,500003,S,L,17000,46,0,0,0,2022-03-02 09:21:37.015821,3,T,1646191800088073757,0
3,500003,B,L,17000,46,46,87,0,2022-03-02 09:21:37.015821,0,T,1646191800088073681,0
3,500003,B,L,17000,46,46,41,0,2022-03-02 09:21:37.030335,0,T,1646191800088073681,0
3,500003,S,L,17000,46,0,0,0,2022-03-02 09:21:37.030335,3,T,1646191800088073758,0
3,500003,S,L,17000,41,0,0,0,2022-03-02 09:21:37.044857,3,T,1646191800088073761,0
3,500003,B,L,17000,41,46,0,0,2022-03-02 09:21:37.044857,0,T,1646191800088073681,0
3,500003,S,L,16985,30,0,0,0,2022-03-02 09:21:42.657590,4,T,1646191800088073793,0
3,500003,B,L,16985,30,30,0,0,2022-03-02 09:21:42.657590,3,T,1646191800088073794,0
3,500003,B,L,17000,1,0,0,0,2022-03-02 09:21:44.577695,3,T,1646191800088073804,0
3,500003,S,L,17000,1,1,0,0,2022-03-02 09:21:44.577695,0,T,1646191800088073786,0
3,500003,S,L,17005,24,0,0,0,2022-03-02 09:21:44.577929,4,T,1646191800088073778,0
3,500003,B,L,17005,24,0,104,0,2022-03-02 09:21:44.577929,3,T,1646191800088073809,0
3,500003,B,L,17015,81,0,10,0,2022-03-02 09:21:44.578401,3,T,1646191800088073819,0
3,500003,S,L,17015,81,0,0,0,2022-03-02 09:21:44.578401,0,T,1646191800088073787,0
3,500003,B,L,17010,1,0,0,0,2022-03-02 09:21:44.606370,3,T,1646191800088073842,0
3,500003,S,L,17010,1,1,0,0,2022-03-02 09:21:44.606370,0,T,1646191800088073838,0
3,500003,B,G,17050,93,0,46,0,2022-03-02 09:21:45.161928,0,T,1646191800088073875,0
3,500003,B,G,17045,11,0,189,0,2022-03-02 09:21:45.161928,0,T,1646191800088073875,0
3,500003,B,G,17045,50,0,139,0,2022-03-02 09:21:45.161928,0,T,1646191800088073875,0
3,500003,B,G,17055,3,0,43,0,2022-03-02 09:21:45.161928,0,T,1646191800088073875,0
3,500003,B,G,17060,43,0,0,0,2022-03-02 09:21:45.161928,0,T,1646191800088073875,0
3,500003,S,L,17045,11,0,0,0,2022-03-02 09:21:45.161928,0,T,1646191800088048821,0
3,500003,S,L,17055,3,0,0,0,2022-03-02 09:21:45.161928,0,T,1646191800088073839,0
3,500003,S,L,17050,93,0,0,0,2022-03-02 09:21:45.161928,0,T,1646191800088073873,0
3,500003,S,L,17045,50,0,0,0,2022-03-02 09:21:45.161928,4,T,1646191800088073858,0
3,500003,S,L,17060,43,0,1,0,2022-03-02 09:21:45.161928,4,T,1646191800088073872,0
3,500003,B,G,17010,10,0,90,0,2022-03-02 09:21:51.848544,0,T,1646191800088073931,0
3,500003,B,G,17020,90,0,0,0,2022-03-02 09:21:51.848544,0,T,1646191800088073931,0
3,500003,S,L,17020,90,0,28,0,2022-03-02 09:21:51.848544,0,T,1646191800088073929,0
3,500003,S,L,17010,10,0,0,0,2022-03-02 09:21:51.848544,4,T,1646191800088073923,0
3,500003,S,L,17020,22,0,0,0,2022-03-02 09:22:36.294344,4,T,1646191800088073983,0
3,500003,B,L,17020,22,0,78,0,2022-03-02 09:22:36.294344,0,T,1646191800088074015,0
3,500003,B,L,17020,17,0,61,0,2022-03-02 09:22:39.320381,0,T,1646191800088074015,0
3,500003,S,L,17020,17,0,0,0,2022-03-02 09:22:39.320381,3,T,1646191800088074019,0
3,500003,B,G,17030,3,0,0,0,2022-03-02 09:22:39.936914,0,T,1646191800088074020,0
3,500003,S,L,17030,3,0,51,0,2022-03-02 09:22:39.936914,0,T,1646191800088073997,0
3,500003,S,L,17030,51,0,0,0,2022-03-02 09:22:46.101915,0,T,1646191800088073997,0
3,500003,B,L,17030,51,0,0,0,2022-03-02 09:22:46.101915,3,T,1646191800088074022,0
3,500003,B,L,17050,74,0,0,0,2022-03-02 09:23:03.857898,3,T,1646191800088074065,0
3,500003,S,L,17050,74,0,0,0,2022-03-02 09:23:03.857898,4,T,1646191800088074043,0
3,500003,B,L,17055,83,0,0,0,2022-03-02 09:23:03.857950,3,T,1646191800088074066,0
3,500003,S,L,17055,83,0,0,0,2022-03-02 09:23:03.857950,0,T,1646191800088073898,0
3,500003,B,L,17060,480,0,0,0,2022-03-02 09:23:03.858296,3,T,1646191800088074069,0
3,500003,S,L,17060,480,0,520,0,2022-03-02 09:23:03.858296,0,T,1646191800088006388,0
3,500003,S,L,17060,480,0,40,0,2022-03-02 09:23:03.858465,0,T,1646191800088006388,0
3,500003,B,L,17060,480,0,0,0,2022-03-02 09:23:03.858465,3,T,1646191800088074070,0
3,500003,B,L,17060,40,0,0,0,2022-03-02 09:23:03.858557,3,T,1646191800088074071,0
3,500003,S,L,17060,40,0,0,0,2022-03-02 09:23:03.858557,0,T,1646191800088006388,0
3,500003,S,L,17080,5,0,295,0,2022-03-02 09:23:07.405296,0,T,1646191800088073949,0
3,500003,B,G,17080,5,0,0,0,2022-03-02 09:23:07.405296,0,T,1646191800088074112,0
3,500003,B,G,17080,100,0,0,0,2022-03-02 09:23:09.568344,0,T,1646191800088074129,0
3,500003,S,L,17080,100,0,195,0,2022-03-02 09:23:09.568344,0,T,1646191800088073949,0
3,500003,S,L,17080,2,0,193,0,2022-03-02 09:23:21.266032,0,T,1646191800088073949,0
3,500003,B,G,17080,2,0,0,0,2022-03-02 09:23:21.266032,4,T,1646191800088074195,0
3,500003,B,L,17040,1,1,0,0,2022-03-02 09:23:47.731265,0,T,1646191800088074280,0
3,500003,S,G,17040,1,0,0,0,2022-03-02 09:23:47.731265,0,T,1646191800088074282,0
3,500003,S,L,17065,1,1,0,0,2022-03-02 09:23:51.060136,0,T,1646191800088074291,0
3,500003,S,L,17075,4,0,69,0,2022-03-02 09:23:51.060136,0,T,1646191800088074199,0
3,500003,B,G,17065,1,0,4,0,2022-03-02 09:23:51.060136,0,T,1646191800088074298,0
3,500003,B,G,17075,4,0,0,0,2022-03-02 09:23:51.060136,0,T,1646191800088074298,0
3,500003,S,L,17080,81,0,112,0,2022-03-02 09:23:58.199072,0,T,1646191800088073949,0
3,500003,B,G,17080,81,0,0,0,2022-03-02 09:23:58.199072,0,T,1646191800088074303,0
3,500003,B,G,17075,69,0,81,0,2022-03-02 09:23:58.199072,0,T,1646191800088074303,0
3,500003,S,L,17075,69,0,0,0,2022-03-02 09:23:58.199072,0,T,1646191800088074199,0
3,500003,S,L,17080,112,0,0,0,2022-03-02 09:24:11.129663,0,T,1646191800088073949,0
3,500003,B,L,17080,112,0,88,0,2022-03-02 09:24:11.129663,3,T,1646191800088074337,0
3,500003,B,L,17095,100,0,0,0,2022-03-02 09:24:16.227329,3,T,1646191800088074421,0
3,500003,S,L,17095,100,0,0,0,2022-03-02 09:24:16.227329,0,T,1646191800088074045,0
3,500003,B,L,17100,200,600,5790,0,2022-03-02 09:24:30.360819,4,T,1646191800088074437,0
3,500003,B,L,17100,10,600,5990,0,2022-03-02 09:24:30.360819,4,T,1646191800088074437,0
3,500003,S,L,17100,200,0,0,0,2022-03-02 09:24:30.360819,0,T,1646191800088074290,0
3,500003,S,L,17100,10,0,0,0,2022-03-02 09:24:30.360819,0,T,1646191800088035945,0
3,500003,S,L,17110,10,0,108,0,2022-03-02 09:24:33.599103,0,T,1646191800088074424,0
3,500003,B,G,17110,10,0,0,0,2022-03-02 09:24:33.599103,0,T,1646191800088074444,0
3,500003,S,L,17110,1,0,0,0,2022-03-02 09:24:43.018828,3,T,1646191800088074478,0
3,500003,B,L,17110,1,1,0,0,2022-03-02 09:24:43.018828,0,T,1646191800088074475,0
3,500003,B,L,17110,1,1,0,0,2022-03-02 09:24:43.507682,0,T,1646191800088074485,0
3,500003,S,L,17110,1,0,0,0,2022-03-02 09:24:43.507682,3,T,1646191800088094501,0
3,500003,S,L,17110,12,0,0,0,2022-03-02 09:24:46.959331,3,T,1646191800088094532,0
3,500003,B,L,17110,12,32,300,0,2022-03-02 09:24:46.959331,0,T,1646191800088074409,0
3,500003,B,L,17110,12,32,288,0,2022-03-02 09:24:46.974155,0,T,1646191800088074409,0
3,500003,S,L,17110,12,0,0,0,2022-03-02 09:24:46.974155,3,T,1646191800088094538,0
3,500003,S,L,17110,8,0,0,0,2022-03-02 09:24:46.988845,3,T,1646191800088094548,0
3,500003,B,L,17110,8,32,280,0,2022-03-02 09:24:46.988845,0,T,1646191800088074409,0
3,500003,B,L,17110,5,32,275,0,2022-03-02 09:24:47.032955,0,T,1646191800088074409,0
3,500003,S,L,17110,5,0,0,0,2022-03-02 09:24:47.032955,3,T,1646191800088094555,0
3,500003,S,L,17110,3,0,0,0,2022-03-02 09:24:47.061937,3,T,1646191800088094568,0
3,500003,B,L,17110,3,32,272,0,2022-03-02 09:24:47.061937,0,T,1646191800088074409,0
3,500003,B,L,17110,4,32,268,0,2022-03-02 09:24:47.461470,0,T,1646191800088074409,0
3,500003,S,L,17110,4,0,0,0,2022-03-02 09:24:47.461470,3,T,1646191800088094581,0
3,500003,S,L,17110,3,0,0,0,2022-03-02 09:24:47.490380,3,T,1646191800088094594,0
3,500003,B,L,17110,3,32,265,0,2022-03-02 09:24:47.490380,0,T,1646191800088074409,0
3,500003,B,L,17110,3,32,262,0,2022-03-02 09:24:47.519292,0,T,1646191800088074409,0
3,500003,S,L,17110,3,0,0,0,2022-03-02 09:24:47.519292,3,T,1646191800088094601,0
3,500003,S,L,17110,2,0,0,0,2022-03-02 09:24:47.534094,3,T,1646191800088094610,0
3,500003,B,L,17110,2,32,260,0,2022-03-02 09:24:47.534094,0,T,1646191800088074409,0
3,500003,B,L,17110,2,32,258,0,2022-03-02 09:24:47.656509,0,T,1646191800088074409,0
3,500003,S,L,17110,2,0,0,0,2022-03-02 09:24:47.656509,3,T,1646191800088094625,0
3,500003,S,L,17110,2,0,0,0,2022-03-02 09:24:47.671305,3,T,1646191800088094633,0
3,500003,B,L,17110,2,32,256,0,2022-03-02 09:24:47.671305,0,T,1646191800088074409,0
3,500003,B,L,17110,3,32,253,0,2022-03-02 09:24:48.205480,0,T,1646191800088074409,0
3,500003,S,L,17110,3,0,0,0,2022-03-02 09:24:48.205480,3,T,1646191800088094652,0
3,500003,S,L,17110,3,0,0,0,2022-03-02 09:24:48.234157,3,T,1646191800088094660,0
3,500003,B,L,17110,3,32,250,0,2022-03-02 09:24:48.234157,0,T,1646191800088074409,0
3,500003,B,L,17110,2,32,248,0,2022-03-02 09:24:48.263004,0,T,1646191800088074409,0
3,500003,S,L,17110,2,0,0,0,2022-03-02 09:24:48.263004,3,T,1646191800088094668,0
3,500003,S,L,17110,1,0,0,0,2022-03-02 09:24:49.786057,3,T,1646191800088094683,0
3,500003,B,L,17110,1,32,247,0,2022-03-02 09:24:49.786057,0,T,1646191800088074409,0
3,500003,S,L,17135,1,1,0,0,2022-03-02 09:24:57.019816,0,T,1646191800088094727,0
3,500003,B,L,17135,1,0,159,0,2022-03-02 09:24:57.019816,3,T,1646191800088094738,0
3,500003,S,L,17125,32,0,0,0,2022-03-02 09:25:06.046335,3,T,1646191800088094805,0
3,500003,B,L,17125,32,32,280,0,2022-03-02 09:25:06.046335,0,T,1646191800088074409,0
3,500003,B,L,17145,1,0,0,0,2022-03-02 09:25:23.533945,3,T,1646191800088094870,0
3,500003,S,L,17145,1,1,0,0,2022-03-02 09:25:23.533945,0,T,1646191800088094835,0
3,500003,S,L,17150,10,0,0,0,2022-03-02 09:25:23.534255,0,T,1646191800088006002,0
3,500003,B,L,17150,10,0,608,0,2022-03-02 09:25:23.534255,3,T,1646191800088094872,0
3,500003,B,L,17160,540,0,0,0,2022-03-02 09:25:23.534356,3,T,1646191800088094873,0
3,500003,S,L,17160,540,0,260,0,2022-03-02 09:25:23.534356,0,T,1646191800088074459,0
3,500003,S,L,17160,260,0,0,0,2022-03-02 09:25:23.534473,0,T,1646191800088074459,0
3,500003,B,L,17160,260,0,540,0,2022-03-02 09:25:23.534473,3,T,1646191800088094874,0
3,500003,B,G,17190,10,0,0,0,2022-03-02 09:25:24.360431,0,T,1646191800088094919,0
3,500003,S,L,17190,10,0,25,0,2022-03-02 09:25:24.360431,4,T,1646191800088094917,0
3,500003,S,L,17150,1,0,0,0,2022-03-02 09:25:25.276664,3,T,1646191800088094938,0
3,500003,B,L,17150,1,1,0,0,2022-03-02 09:25:25.276664,0,T,1646191800088094915,0
3,500003,S,L,17180,1,1,0,0,2022-03-02 09:25:28.885663,0,T,1646191800088094944,0
3,500003,B,L,17180,1,0,0,0,2022-03-02 09:25:28.885663,3,T,1646191800088094973,0
3,500003,S,L,17190,10,10,0,0,2022-03-02 09:25:29.766821,3,T,1646191800088094991,0
3,500003,B,L,17190,10,10,0,0,2022-03-02 09:25:29.766821,0,T,1646191800088094990,0
3,500003,B,L,17180,1,600,5789,0,2022-03-02 09:25:32.893157,4,T,1646191800088074437,0
3,500003,S,L,17180,1,0,0,0,2022-03-02 09:25:32.893157,3,T,1646191800088095009,0
3,500003,S,L,17180,4,0,0,0,2022-03-02 09:25:32.893476,3,T,1646191800088095016,0
3,500003,B,L,17180,4,600,5785,0,2022-03-02 09:25:32.893476,4,T,1646191800088074437,0
3,500003,B,L,17180,5,600,5780,0,2022-03-02 09:25:32.893522,4,T,1646191800088074437,0
3,500003,S,L,17180,5,0,0,0,2022-03-02 09:25:32.893522,4,T,1646191800088095018,0
3,500003,B,L,17180,4,600,5776,0,2022-03-02 09:25:32.893564,4,T,1646191800088074437,0
3,500003,S,L,17180,4,0,0,0,2022-03-02 09:25:32.893564,3,T,1646191800088095019,0
3,500003,B,L,17180,1,600,5775,0,2022-03-02 09:25:32.908342,4,T,1646191800088074437,0
3,500003,S,L,17180,1,0,0,0,2022-03-02 09:25:32.908342,4,T,1646191800088095028,0
3,500003,S,L,17180,1,0,0,0,2022-03-02 09:25:33.930491,3,T,1646191800088095043,0
3,500003,B,L,17180,1,600,5774,0,2022-03-02 09:25:33.930491,4,T,1646191800088074437,0
3,500003,B,L,17180,585,600,5189,0,2022-03-02 09:25:33.930557,4,T,1646191800088074437,0
3,500003,S,L,17180,585,0,0,0,2022-03-02 09:25:33.930557,3,T,1646191800088095045,0
3,500003,S,L,17180,585,0,0,0,2022-03-02 09:25:33.930605,3,T,1646191800088095046,0
3,500003,B,L,17180,585,600,4604,0,2022-03-02 09:25:33.930605,4,T,1646191800088074437,0
3,500003,S,L,17180,585,0,0,0,2022-03-02 09:25:33.930659,3,T,1646191800088095047,0
3,500003,B,L,17180,585,600,4019,0,2022-03-02 09:25:33.930659,4,T,1646191800088074437,0
3,500003,B,L,17180,2,600,4017,0,2022-03-02 09:25:33.930716,4,T,1646191800088074437,0
3,500003,S,L,17180,2,0,0,0,2022-03-02 09:25:33.930716,4,T,1646191800088095048,0
3,500003,B,L,17180,14,600,4003,0,2022-03-02 09:25:33.945021,4,T,1646191800088074437,0
3,500003,S,L,17180,14,14,0,0,2022-03-02 09:25:33.945021,3,T,1646191800088095053,0
3,500003,B,L,17180,1,600,4002,0,2022-03-02 09:25:34.242880,4,T,1646191800088074437,0
3,500003,S,L,17180,1,0,0,0,2022-03-02 09:25:34.242880,3,T,1646191800088095061,0
3,500003,S,L,17180,618,0,0,0,2022-03-02 09:25:34.530612,3,T,1646191800088095067,0
3,500003,B,L,17180,618,600,3384,0,2022-03-02 09:25:34.530612,4,T,1646191800088074437,0
3,500003,B,L,17200,92,0,0,0,2022-03-02 09:25:35.541320,3,T,1646191800088095090,0
3,500003,S,L,17200,92,0,0,0,2022-03-02 09:25:35.541320,4,T,1646191800088095003,0
3,500003,B,L,17200,10,0,137,0,2022-03-02 09:25:35.541320,3,T,1646191800088095090,0
3,500003,B,L,17200,45,0,92,0,2022-03-02 09:25:35.541320,3,T,1646191800088095090,0
3,500003,S,L,17200,45,0,0,0,2022-03-02 09:25:35.541320,0,T,1646191800088094954,0
3,500003,S,L,17200,10,0,0,0,2022-03-02 09:25:35.541320,0,T,1646191800088074443,0
3,500003,S,L,17185,1,0,0,0,2022-03-02 09:25:36.448563,3,T,1646191800088095114,0
3,500003,B,L,17185,1,1,0,0,2022-03-02 09:25:36.448563,0,T,1646191800088095056,0
3,500003,B,L,17185,1,1,0,0,2022-03-02 09:25:37.101888,0,T,1646191800088095117,0
3,500003,S,L,17185,1,0,0,0,2022-03-02 09:25:37.101888,3,T,1646191800088095122,0
3,500003,B,L,17180,5,600,3379,0,2022-03-02 09:25:37.102182,4,T,1646191800088074437,0
3,500003,S,L,17180,5,0,0,0,2022-03-02 09:25:37.102182,4,T,1646191800088095125,0
3,500003,B,L,17180,40,600,3339,0,2022-03-02 09:25:37.102383,4,T,1646191800088074437,0
3,500003,S,L,17180,40,0,0,0,2022-03-02 09:25:37.102383,3,T,1646191800088095128,0
3,500003,S,L,17180,62,0,0,0,2022-03-02 09:25:37.102419,3,T,1646191800088095129,0
3,500003,B,L,17180,62,600,3277,0,2022-03-02 09:25:37.102419,4,T,1646191800088074437,0
3,500003,S,L,17235,1,1,0,0,2022-03-02 09:25:48.732791,0,T,1646191800088095248,0
3,500003,B,L,17235,1,0,539,0,2022-03-02 09:25:48.732791,3,T,1646191800088095265,0
3,500003,S,L,17230,99,0,8,0,2022-03-02 09:26:02.011223,0,T,1646191800088095388,0
3,500003,B,G,17220,50,0,150,0,2022-03-02 09:26:02.011223,0,T,1646191800088095399,0
3,500003,B,G,17220,50,0,100,0,2022-03-02 09:26:02.011223,0,T,1646191800088095399,0
3,500003,S,L,17225,1,1,0,0,2022-03-02 09:26:02.011223,0,T,1646191800088095398,0
3,500003,B,G,17230,99,0,0,0,2022-03-02 09:26:02.011223,0,T,1646191800088095399,0
3,500003,B,G,17225,1,0,99,0,2022-03-02 09:26:02.011223,0,T,1646191800088095399,0
3,500003,S,L,17220,50,0,0,0,2022-03-02 09:26:02.011223,0,T,1646191800088095397,0
3,500003,S,L,17220,50,0,0,0,2022-03-02 09:26:02.011223,0,T,1646191800088095396,0
3,500003,B,L,17235,15,0,0,0,2022-03-02 09:26:03.732465,0,T,1646191800088095422,0
3,500003,S,L,17235,15,15,0,0,2022-03-02 09:26:03.732465,3,T,1646191800088095423,0
3,500003,B,L,17200,14,0,36,0,2022-03-02 09:26:15.689377,0,T,1646191800088101703,0
3,500003,B,L,17200,1,1,0,0,2022-03-02 09:26:15.689377,0,T,1646191800088095266,0
3,500003,S,G,17200,1,0,14,0,2022-03-02 09:26:15.689377,0,T,1646191800088101756,0
3,500003,S,G,17200,14,0,0,0,2022-03-02 09:26:15.689377,0,T,1646191800088101756,0
3,500003,S,L,17210,1,0,4,0,2022-03-02 09:26:21.238992,4,T,1646191800088101803,0
3,500003,B,L,17210,1,1,0,0,2022-03-02 09:26:21.238992,0,T,1646191800088101798,0
3,500003,B,L,17200,4,0,46,0,2022-03-02 09:26:21.253435,0,T,1646191800088101805,0
3,500003,S,L,17200,4,0,0,0,2022-03-02 09:26:21.253435,4,T,1646191800088101803,0
3,500003,S,L,17230,1,1,0,0,2022-03-02 09:26:22.157119,0,T,1646191800088101802,0
3,500003,B,G,17230,1,0,0,0,2022-03-02 09:26:22.157119,0,T,1646191800088101815,0
3,500003,B,L,17220,50,0,1386,0,2022-03-02 09:26:28.022397,0,T,1646191800088101865,0
3,500003,B,L,17220,50,0,1336,0,2022-03-02 09:26:28.022397,0,T,1646191800088101865,0
3,500003,B,L,17225,2,0,1334,0,2022-03-02 09:26:28.022397,0,T,1646191800088101865,0
3,500003,B,L,17230,119,0,1215,0,2022-03-02 09:26:28.022397,0,T,1646191800088101865,0
3,500003,B,L,17235,50,0,1165,0,2022-03-02 09:26:28.022397,0,T,1646191800088101865,0
3,500003,S,L,17230,119,0,0,0,2022-03-02 09:26:28.022397,0,T,1646191800088101842,0
3,500003,S,L,17225,2,2,0,0,2022-03-02 09:26:28.022397,0,T,1646191800088101843,0
3,500003,S,L,17235,50,0,0,0,2022-03-02 09:26:28.022397,0,T,1646191800088101834,0
3,500003,S,L,17220,50,0,0,0,2022-03-02 09:26:28.022397,0,T,1646191800088101863,0
3,500003,S,L,17220,50,0,0,0,2022-03-02 09:26:28.022397,0,T,1646191800088101850,0
3,500003,S,L,17235,1165,0,0,0,2022-03-02 09:26:28.036822,3,T,1646191800088101866,0
3,500003,B,L,17235,1165,0,0,0,2022-03-02 09:26:28.036822,0,T,1646191800088101865,0
3,500003,B,L,17200,2,2,0,0,2022-03-02 09:26:39.156820,0,T,1646191800088101887,0
3,500003,B,L,17195,96,0,0,0,2022-03-02 09:26:39.156820,0,T,1646191800088095243,0
3,500003,B,L,17195,2,0,118,0,2022-03-02 09:26:39.156820,0,T,1646191800088101886,0
3,500003,S,G,17200,2,0,98,0,2022-03-02 09:26:39.156820,0,T,1646191800088101935,0
3,500003,S,G,17195,96,0,2,0,2022-03-02 09:26:39.156820,0,T,1646191800088101935,0
3,500003,S,G,17195,2,0,0,0,2022-03-02 09:26:39.156820,0,T,1646191800088101935,0
3,500003,S,L,17225,33,0,17,0,2022-03-02 09:26:39.547480,0,T,1646191800088101939,0
3,500003,B,G,17220,2,0,33,0,2022-03-02 09:26:39.547480,0,T,1646191800088101941,0
3,500003,S,L,17220,2,2,0,0,2022-03-02 09:26:39.547480,0,T,1646191800088101938,0
3,500003,B,G,17225,33,0,0,0,2022-03-02 09:26:39.547480,0,T,1646191800088101941,0
3,500003,B,L,17235,48,600,3058,0,2022-03-02 09:26:40.449289,4,T,1646191800088074437,0
3,500003,S,L,17235,48,0,0,0,2022-03-02 09:26:40.449289,4,T,1646191800088101926,0
3,500003,B,L,17230,104,600,3106,0,2022-03-02 09:26:40.449289,4,T,1646191800088074437,0
3,500003,B,L,17230,50,600,3210,0,2022-03-02 09:26:40.449289,4,T,1646191800088074437,0
3,500003,S,L,17230,50,0,0,0,2022-03-02 09:26:40.449289,0,T,1646191800088101927,0
3,500003,B,L,17225,17,600,3260,0,2022-03-02 09:26:40.449289,4,T,1646191800088074437,0
3,500003,S,L,17225,17,0,0,0,2022-03-02 09:26:40.449289,0,T,1646191800088101939,0
3,500003,S,L,17230,104,0,0,0,2022-03-02 09:26:40.449289,0,T,1646191800088101936,0
3,500003,S,L,17235,50,0,0,0,2022-03-02 09:26:40.463786,0,T,1646191800088101946,0
3,500003,B,L,17235,50,600,3008,0,2022-03-02 09:26:40.463786,4,T,1646191800088074437,0
3,500003,S,L,17235,50,0,0,0,2022-03-02 09:26:40.463852,0,T,1646191800088101947,0
3,500003,B,L,17235,50,600,2958,0,2022-03-02 09:26:40.463852,4,T,1646191800088074437,0
3,500003,B,L,17235,381,600,2577,0,2022-03-02 09:26:40.463926,4,T,1646191800088074437,0
3,500003,S,L,17235,381,0,0,0,2022-03-02 09:26:40.463926,3,T,1646191800088101948,0
3,500003,B,L,17235,100,600,2477,0,2022-03-02 09:26:40.464099,4,T,1646191800088074437,0
3,500003,S,L,17235,100,0,0,0,2022-03-02 09:26:40.464099,3,T,1646191800088101955,0
3,500003,B,L,17235,131,600,2346,0,2022-03-02 09:26:40.464135,4,T,1646191800088074437,0
3,500003,S,L,17235,131,0,0,0,2022-03-02 09:26:40.464135,3,T,1646191800088101956,0
3,500003,S,L,17235,381,0,0,0,2022-03-02 09:26:40.464180,3,T,1646191800088101957,0
3,500003,B,L,17235,381,600,1965,0,2022-03-02 09:26:40.464180,4,T,1646191800088074437,0
3,500003,B,L,17235,381,600,1584,0,2022-03-02 09:26:40.464229,4,T,1646191800088074437,0
3,500003,S,L,17235,381,0,0,0,2022-03-02 09:26:40.464229,3,T,1646191800088101958,0
3,500003,S,L,17235,381,0,0,0,2022-03-02 09:26:40.464307,3,T,1646191800088101959,0
3,500003,B,L,17235,381,600,1203,0,2022-03-02 09:26:40.464307,4,T,1646191800088074437,0
3,500003,B,L,17235,500,600,703,0,2022-03-02 09:26:40.478280,4,T,1646191800088074437,0
3,500003,S,L,17235,500,0,0,0,2022-03-02 09:26:40.478280,3,T,1646191800088101961,0
3,500003,B,L,17235,500,600,203,0,2022-03-02 09:26:40.478441,4,T,1646191800088074437,0
3,500003,S,L,17235,500,0,0,0,2022-03-02 09:26:40.478441,3,T,1646191800088101962,0
3,500003,B,L,17235,203,600,0,0,2022-03-02 09:26:40.478491,4,T,1646191800088074437,0
3,500003,S,L,17235,203,0,297,0,2022-03-02 09:26:40.478491,3,T,1646191800088101963,0
3,500003,S,L,17215,2,0,0,0,2022-03-02 09:27:02.943811,3,T,1646191800088102202,0
3,500003,B,L,17215,2,2,0,0,2022-03-02 09:27:02.943811,0,T,1646191800088102192,0
3,500003,B,L,17210,1,2,1,0,2022-03-02 09:27:09.593549,0,T,1646191800088102213,0
3,500003,S,L,17210,1,0,0,0,2022-03-02 09:27:09.593549,3,T,1646191800088102266,0
3,500003,B,L,17235,2,0,0,0,2022-03-02 09:27:28.458518,3,T,1646191800088102321,0
3,500003,S,L,17235,2,2,0,0,2022-03-02 09:27:28.458518,0,T,1646191800088102302,0
3,500003,B,L,17240,59,0,0,0,2022-03-02 09:27:28.458724,3,T,1646191800088102323,0
3,500003,S,L,17240,59,44,159,0,2022-03-02 09:27:28.458724,4,T,1646191800088073862,0
3,500003,S,L,17240,128,44,31,0,2022-03-02 09:27:28.458775,4,T,1646191800088073862,0
3,500003,B,L,17240,128,0,0,0,2022-03-02 09:27:28.458775,3,T,1646191800088102324,0
3,500003,B,L,17250,12,0,0,0,2022-03-02 09:27:28.458906,3,T,1646191800088102327,0
3,500003,B,L,17240,31,0,22,0,2022-03-02 09:27:28.458906,3,T,1646191800088102327,0
3,500003,B,L,17250,10,0,12,0,2022-03-02 09:27:28.458906,3,T,1646191800088102327,0
3,500003,S,L,17250,12,43,205,0,2022-03-02 09:27:28.458906,4,T,1646191800088073860,0
3,500003,S,L,17240,31,44,0,0,2022-03-02 09:27:28.458906,4,T,1646191800088073862,0
3,500003,S,L,17250,10,0,0,0,2022-03-02 09:27:28.458906,0,T,1646191800088094511,0
3,500003,B,L,17240,1,0,617,0,2022-03-02 09:27:28.473044,3,T,1646191800088102344,0
3,500003,S,L,17240,1,1,0,0,2022-03-02 09:27:28.473044,0,T,1646191800088102343,0
3,500003,B,L,17215,2,2,0,0,2022-03-02 09:27:49.703331,0,T,1646191800088102289,0
3,500003,S,L,17215,2,0,0,0,2022-03-02 09:27:49.703331,3,T,1646191800088102576,0
3,500003,B,L,17215,2,2,0,0,2022-03-02 09:27:49.732029,0,T,1646191800088102579,0
3,500003,S,L,17215,2,0,0,0,2022-03-02 09:27:49.732029,3,T,1646191800088102587,0
3,500003,S,L,17210,1,0,0,0,2022-03-02 09:27:59.526071,3,T,1646191800088102635,0
3,500003,B,L,17210,1,0,124,0,2022-03-02 09:27:59.526071,0,T,1646191800088102298,0
3,500003,B,L,17210,1,0,123,0,2022-03-02 09:28:04.931895,0,T,1646191800088102298,0
3,500003,S,L,17210,1,0,0,0,2022-03-02 09:28:04.931895,3,T,1646191800088102662,0
3,500003,S,L,17200,17,0,0,0,2022-03-02 09:28:06.582036,3,T,1646191800088102672,0
3,500003,S,L,17210,123,0,417,0,2022-03-02 09:28:06.582036,3,T,1646191800088102672,0
3,500003,S,L,17200,150,0,17,0,2022-03-02 09:28:06.582036,3,T,1646191800088102672,0
3,500003,S,L,17210,250,0,167,0,2022-03-02 09:28:06.582036,3,T,1646191800088102672,0
3,500003,B,L,17210,123,0,0,0,2022-03-02 09:28:06.582036,0,T,1646191800088102298,0
3,500003,B,L,17200,17,200,183,0,2022-03-02 09:28:06.582036,0,T,1646191800088102600,0
3,500003,B,L,17200,150,0,0,0,2022-03-02 09:28:06.582036,0,T,1646191800088094787,0
3,500003,B,L,17210,250,0,0,0,2022-03-02 09:28:06.582036,0,T,1646191800088102303,0
3,500003,S,L,17200,5,0,0,0,2022-03-02 09:28:06.603044,4,T,1646191800088102673,0
3,500003,B,L,17200,5,200,178,0,2022-03-02 09:28:06.603044,0,T,1646191800088102600,0
3,500003,B,L,17200,22,200,156,0,2022-03-02 09:28:16.866533,0,T,1646191800088102600,0
3,500003,S,L,17200,22,0,0,0,2022-03-02 09:28:16.866533,0,T,1646191800088114935,0
3,500003,S,G,17200,100,0,0,0,2022-03-02 09:28:33.322869,0,T,1646191800088115002,0
3,500003,B,L,17200,100,200,56,0,2022-03-02 09:28:33.322869,0,T,1646191800088102600,0
3,500003,S,L,17230,2,2,0,0,2022-03-02 09:28:37.143671,0,T,1646191800088115018,0
3,500003,S,L,17240,50,0,0,0,2022-03-02 09:28:37.143671,0,T,1646191800088102553,0
3,500003,S,L,17245,67,0,44,0,2022-03-02 09:28:37.143671,0,T,1646191800088102650,0
3,500003,S,L,17235,1,0,0,0,2022-03-02 09:28:37.143671,0,T,1646191800088102679,0
3,500003,B,G,17235,1,0,197,0,2022-03-02 09:28:37.143671,0,T,1646191800088115041,0
3,500003,B,G,17240,50,0,147,0,2022-03-02 09:28:37.143671,0,T,1646191800088115041,0
3,500003,S,L,17240,80,0,0,0,2022-03-02 09:28:37.143671,0,T,1646191800088114962,0
3,500003,B,G,17240,80,0,67,0,2022-03-02 09:28:37.143671,0,T,1646191800088115041,0
3,500003,B,G,17230,2,0,198,0,2022-03-02 09:28:37.143671,0,T,1646191800088115041,0
3,500003,B,G,17245,67,0,0,0,2022-03-02 09:28:37.143671,0,T,1646191800088115041,0
3,500003,S,L,17245,44,0,0,0,2022-03-02 09:28:50.538163,0,T,1646191800088102650,0
3,500003,S,L,17245,54,0,26,0,2022-03-02 09:28:50.538163,0,T,1646191800088115049,0
3,500003,S,L,17230,2,2,0,0,2022-03-02 09:28:50.538163,0,T,1646191800088115566,0
3,500003,B,G,17230,2,0,698,0,2022-03-02 09:28:50.538163,4,T,1646191800088115570,0
3,500003,B,G,17235,50,0,648,0,2022-03-02 09:28:50.538163,4,T,1646191800088115570,0
3,500003,B,G,17240,50,0,598,0,2022-03-02 09:28:50.538163,4,T,1646191800088115570,0
3,500003,B,G,17240,500,0,98,0,2022-03-02 09:28:50.538163,4,T,1646191800088115570,0
3,500003,B,G,17245,44,0,54,0,2022-03-02 09:28:50.538163,4,T,1646191800088115570,0
3,500003,B,G,17245,54,0,0,0,2022-03-02 09:28:50.538163,4,T,1646191800088115570,0
3,500003,S,L,17235,50,0,0,0,2022-03-02 09:28:50.538163,0,T,1646191800088115482,0
3,500003,S,L,17240,50,0,0,0,2022-03-02 09:28:50.538163,0,T,1646191800088115043,0
3,500003,S,L,17240,500,100,0,0,2022-03-02 09:28:50.538163,0,T,1646191800088006093,0
3,500003,B,L,17205,2,2,0,0,2022-03-02 09:28:50.804046,0,T,1646191800088115051,0
3,500003,S,L,17205,2,0,0,0,2022-03-02 09:28:50.804046,3,T,1646191800088115586,0
3,500003,S,L,17205,4,0,0,0,2022-03-02 09:28:52.377260,3,T,1646191800088115679,0
3,500003,B,L,17205,4,4,0,0,2022-03-02 09:28:52.377260,0,T,1646191800088115592,0
3,500003,B,L,17200,1,200,55,0,2022-03-02 09:28:54.818716,0,T,1646191800088102600,0
3,500003,S,G,17200,1,0,0,0,2022-03-02 09:28:54.818716,0,T,1646191800088115813,0
3,500003,S,L,17235,2,0,52,0,2022-03-02 09:29:24.701402,0,T,1646191800088121190,0
3,500003,B,G,17235,2,0,0,0,2022-03-02 09:29:24.701402,0,T,1646191800088121225,0
3,500003,S,L,17235,2,0,50,0,2022-03-02 09:29:41.655314,0,T,1646191800088121190,0
3,500003,B,L,17235,2,0,0,0,2022-03-02 09:29:41.655314,0,T,1646191800088121255,0
3,500003,B,G,17250,4,0,396,0,2022-03-02 09:29:45.351145,4,T,1646191800088121292,0
3,500003,B,G,17250,50,0,346,0,2022-03-02 09:29:45.351145,4,T,1646191800088121292,0
3,500003,B,G,17255,15,0,331,0,2022-03-02 09:29:45.351145,4,T,1646191800088121292,0
3,500003,B,G,17265,44,0,287,0,2022-03-02 09:29:45.351145,4,T,1646191800088121292,0
3,500003,B,G,17270,49,0,238,0,2022-03-02 09:29:45.351145,4,T,1646191800088121292,0
3,500003,B,G,17270,217,0,21,0,2022-03-02 09:29:45.351145,4,T,1646191800088121292,0
3,500003,B,G,17275,21,0,0,0,2022-03-02 09:29:45.351145,4,T,1646191800088121292,0
3,500003,S,L,17265,44,0,0,0,2022-03-02 09:29:45.351145,4,T,1646191800088121287,0
3,500003,S,L,17275,21,0,99,0,2022-03-02 09:29:45.351145,0,T,1646191800088102532,0
3,500003,S,L,17270,49,0,0,0,2022-03-02 09:29:45.351145,0,T,1646191800088121263,0
3,500003,S,L,17255,15,0,0,0,2022-03-02 09:29:45.351145,0,T,1646191800088102695,0
3,500003,S,L,17270,217,43,0,0,2022-03-02 09:29:45.351145,4,T,1646191800088035521,0
3,500003,S,L,17250,50,0,0,0,2022-03-02 09:29:45.351145,0,T,1646191800088121288,0
3,500003,S,L,17250,4,4,0,0,2022-03-02 09:29:45.351145,0,T,1646191800088121266,0
3,500003,B,L,17220,4,4,0,0,2022-03-02 09:29:46.808665,0,T,1646191800088121303,0
3,500003,S,L,17220,4,0,0,0,2022-03-02 09:29:46.808665,3,T,1646191800088121483,0
3,500003,S,L,17220,25,0,0,0,2022-03-02 09:29:53.267809,3,T,1646191800088121658,0
3,500003,B,L,17220,25,0,0,0,2022-03-02 09:29:53.267809,0,T,1646191800088121657,0
3,500003,B,G,17235,7,0,0,0,2022-03-02 09:30:11.624248,0,T,1646191800088121694,0
3,500003,S,L,17235,7,0,35,0,2022-03-02 09:30:11.624248,4,T,1646191800088121681,0
3,500003,S,L,17235,1,0,34,0,2022-03-02 09:30:12.819536,4,T,1646191800088121681,0
3,500003,B,G,17235,1,0,0,0,2022-03-02 09:30:12.819536,0,T,1646191800088121695,0
3,500003,S,L,17230,1,0,49,0,2022-03-02 09:30:21.261385,0,T,1646191800088121714,0
3,500003,B,G,17230,1,0,0,0,2022-03-02 09:30:21.261385,0,T,1646191800088121721,0
3,500003,S,L,17230,30,0,19,0,2022-03-02 09:30:21.928922,0,T,1646191800088121714,0
3,500003,B,G,17230,30,0,0,0,2022-03-02 09:30:21.928922,0,T,1646191800088121723,0
3,500003,S,L,17200,13,0,0,0,2022-03-02 09:30:26.267805,3,T,1646191800088121730,0
3,500003,S,L,17200,55,0,13,0,2022-03-02 09:30:26.267805,3,T,1646191800088121730,0
3,500003,B,L,17200,13,0,2,0,2022-03-02 09:30:26.267805,0,T,1646191800088121226,0
3,500003,B,L,17200,55,200,0,0,2022-03-02 09:30:26.267805,0,T,1646191800088102600,0
3,500003,B,L,17200,2,0,0,0,2022-03-02 09:30:26.267948,0,T,1646191800088121226,0
3,500003,S,L,17200,2,0,0,0,2022-03-02 09:30:26.267948,3,T,1646191800088121731,0
3,500003,S,L,17195,105,0,0,0,2022-03-02 09:30:26.268081,3,T,1646191800088121735,0
3,500003,S,L,17195,88,0,105,0,2022-03-02 09:30:26.268081,3,T,1646191800088121735,0
3,500003,B,L,17195,88,0,0,0,2022-03-02 09:30:26.268081,0,T,1646191800088102184,0
3,500003,B,L,17195,105,0,0,0,2022-03-02 09:30:26.268081,0,T,1646191800088121497,0
3,500003,S,L,17200,20,0,0,0,2022-03-02 09:30:27.061588,3,T,1646191800088121798,0
3,500003,B,L,17200,20,20,179,0,2022-03-02 09:30:27.061588,0,T,1646191800088121797,0
3,500003,B,L,17200,20,20,159,0,2022-03-02 09:30:27.061626,0,T,1646191800088121797,0
3,500003,S,L,17200,20,0,0,0,2022-03-02 09:30:27.061626,3,T,1646191800088121799,0
3,500003,B,L,17200,20,20,139,0,2022-03-02 09:30:27.061664,0,T,1646191800088121797,0
3,500003,S,L,17200,20,20,0,0,2022-03-02 09:30:27.061664,3,T,1646191800088121800,0
3,500003,S,L,17200,20,0,0,0,2022-03-02 09:30:27.061702,3,T,1646191800088121801,0
3,500003,B,L,17200,20,20,119,0,2022-03-02 09:30:27.061702,0,T,1646191800088121797,0
3,500003,B,L,17200,24,20,95,0,2022-03-02 09:30:27.076277,0,T,1646191800088121797,0
3,500003,S,L,17200,24,0,0,0,2022-03-02 09:30:27.076277,3,T,1646191800088121805,0
3,500003,B,L,17200,1,20,94,0,2022-03-02 09:30:27.076388,0,T,1646191800088121797,0
3,500003,S,L,17200,1,0,0,0,2022-03-02 09:30:27.076388,3,T,1646191800088121807,0
3,500003,B,L,17200,1,20,93,0,2022-03-02 09:30:27.076447,0,T,1646191800088121797,0
3,500003,S,L,17200,1,0,0,0,2022-03-02 09:30:27.076447,3,T,1646191800088121809,0
3,500003,B,L,17200,1,20,92,0,2022-03-02 09:30:27.076480,0,T,1646191800088121797,0
3,500003,S,L,17200,1,0,0,0,2022-03-02 09:30:27.076480,3,T,1646191800088121810,0
3,500003,B,L,17200,40,20,52,0,2022-03-02 09:30:27.090973,0,T,1646191800088121797,0
3,500003,S,L,17200,40,0,0,0,2022-03-02 09:30:27.090973,3,T,1646191800088121814,0
3,500003,B,L,17200,2,20,50,0,2022-03-02 09:30:27.091216,0,T,1646191800088121797,0
3,500003,S,L,17200,2,0,0,0,2022-03-02 09:30:27.091216,3,T,1646191800088121819,0
3,500003,S,L,17240,48,44,170,0,2022-03-02 09:30:36.187036,4,T,1646191800088121672,0
3,500003,B,G,17240,48,0,0,0,2022-03-02 09:30:36.187036,0,T,1646191800088121885,0
3,500003,B,G,17235,34,0,48,0,2022-03-02 09:30:36.187036,0,T,1646191800088121885,0
3,500003,B,G,17215,4,0,196,0,2022-03-02 09:30:36.187036,0,T,1646191800088121885,0
3,500003,B,G,17220,45,0,151,0,2022-03-02 09:30:36.187036,0,T,1646191800088121885,0
3,500003,B,G,17230,50,0,82,0,2022-03-02 09:30:36.187036,0,T,1646191800088121885,0
3,500003,B,G,17230,19,0,132,0,2022-03-02 09:30:36.187036,0,T,1646191800088121885,0
3,500003,S,L,17230,19,0,0,0,2022-03-02 09:30:36.187036,0,T,1646191800088121714,0
3,500003,S,L,17230,50,0,0,0,2022-03-02 09:30:36.187036,0,T,1646191800088121715,0
3,500003,S,L,17235,34,0,0,0,2022-03-02 09:30:36.187036,4,T,1646191800088121681,0
3,500003,S,L,17220,45,0,0,0,2022-03-02 09:30:36.187036,4,T,1646191800088121870,0
3,500003,S,L,17215,4,4,0,0,2022-03-02 09:30:36.187036,0,T,1646191800088121871,0
3,500003,B,L,17185,4,4,0,0,2022-03-02 09:30:40.788868,0,T,1646191800088121886,0
3,500003,B,L,17180,15,0,0,0,2022-03-02 09:30:40.788868,0,T,1646191800088073632,0
3,500003,B,L,17185,44,0,0,0,2022-03-02 09:30:40.788868,4,T,1646191800088121908,0
3,500003,B,L,17180,3,0,129,0,2022-03-02 09:30:40.788868,0,T,1646191800088121833,0
3,500003,S,L,17180,3,66,0,0,2022-03-02 09:30:40.788868,4,T,1646191800088121940,0
3,500003,S,L,17180,15,66,3,0,2022-03-02 09:30:40.788868,4,T,1646191800088121940,0
3,500003,S,L,17185,44,66,18,0,2022-03-02 09:30:40.788868,4,T,1646191800088121940,0
3,500003,S,L,17185,4,66,62,0,2022-03-02 09:30:40.788868,4,T,1646191800088121940,0
3,500003,S,L,17235,86,44,132,0,2022-03-02 09:30:43.740139,4,T,1646191800088121672,0
3,500003,S,L,17215,4,4,0,0,2022-03-02 09:30:43.740139,0,T,1646191800088121936,0
3,500003,S,L,17235,50,0,0,0,2022-03-02 09:30:43.740139,0,T,1646191800088121889,0
3,500003,S,L,17220,50,0,0,0,2022-03-02 09:30:43.740139,0,T,1646191800088121902,0
3,500003,B,G,17215,4,0,186,0,2022-03-02 09:30:43.740139,0,T,1646191800088121950,0
3,500003,B,G,17220,50,0,136,0,2022-03-02 09:30:43.740139,0,T,1646191800088121950,0
3,500003,B,G,17235,50,0,86,0,2022-03-02 09:30:43.740139,0,T,1646191800088121950,0
3,500003,B,G,17235,86,0,0,0,2022-03-02 09:30:43.740139,0,T,1646191800088121950,0
3,500003,S,L,17200,4,0,196,0,2022-03-02 09:30:55.713014,0,T,1646191800088122027,0
3,500003,B,L,17200,4,4,0,0,2022-03-02 09:30:55.713014,0,T,1646191800088121957,0
3,500003,S,L,17225,4,4,0,0,2022-03-02 09:30:57.485312,0,T,1646191800088122028,0
3,500003,S,L,17200,196,0,0,0,2022-03-02 09:30:57.485312,0,T,1646191800088122027,0
3,500003,S,L,17230,50,0,0,0,2022-03-02 09:30:57.485312,0,T,1646191800088121951,0
3,500003,B,G,17230,50,0,0,0,2022-03-02 09:30:57.485312,0,T,1646191800088122030,0
3,500003,B,G,17225,4,0,50,0,2022-03-02 09:30:57.485312,0,T,1646191800088122030,0
3,500003,B,G,17200,196,0,54,0,2022-03-02 09:30:57.485312,0,T,1646191800088122030,0
3,500003,B,L,17230,3,0,0,0,2022-03-02 09:30:58.792205,0,T,1646191800088122034,0
3,500003,S,L,17230,3,0,47,0,2022-03-02 09:30:58.792205,0,T,1646191800088121952,0
3,500003,S,L,17200,8,0,0,0,2022-03-02 09:31:19.926721,3,T,1646191800088133888,0
3,500003,B,L,17200,8,8,0,0,2022-03-02 09:31:19.926721,0,T,1646191800088122031,0
3,500003,S,L,17190,50,0,0,0,2022-03-02 09:31:22.394135,3,T,1646191800088133934,0
3,500003,B,L,17190,50,0,0,0,2022-03-02 09:31:22.394135,0,T,1646191800088094797,0
3,500003,S,L,17200,32,0,0,0,2022-03-02 09:31:33.316284,4,T,1646191800088134077,0
3,500003,B,L,17200,32,0,352,0,2022-03-02 09:31:33.316284,3,T,1646191800088134081,0
3,500003,B,L,17200,8,0,344,0,2022-03-02 09:31:33.316284,3,T,1646191800088134081,0
3,500003,S,L,17200,8,8,0,0,2022-03-02 09:31:33.316284,0,T,1646191800088134063,0
3,500003,S,L,17205,200,0,0,0,2022-03-02 09:31:33.316462,0,T,1646191800088134068,0
3,500003,B,L,17205,200,0,40,0,2022-03-02 09:31:33.316462,3,T,1646191800088134083,0
3,500003,B,L,17225,8,0,0,0,2022-03-02 09:31:44.202615,3,T,1646191800088139048,0
3,500003,S,L,17225,8,8,0,0,2022-03-02 09:31:44.202615,0,T,1646191800088139027,0
3,500003,B,L,17225,200,0,0,0,2022-03-02 09:31:50.017342,3,T,1646191800088139067,0
3,500003,S,L,17225,200,0,0,0,2022-03-02 09:31:50.017342,0,T,1646191800088139066,0
3,500003,S,L,17245,1,0,0,0,2022-03-02 09:32:00.025702,0,T,1646191800088134111,0
3,500003,B,L,17245,1,0,100,0,2022-03-02 09:32:00.025702,3,T,1646191800088139088,0
3,500003,B,L,17245,100,0,0,0,2022-03-02 09:32:00.025702,3,T,1646191800088139088,0
3,500003,S,L,17245,100,0,0,0,2022-03-02 09:32:00.025702,0,T,1646191800088074012,0
3,500003,B,L,17250,250,0,0,0,2022-03-02 09:32:00.025940,3,T,1646191800088139093,0
3,500003,S,L,17250,250,0,0,0,2022-03-02 09:32:00.025940,0,T,1646191800088006050,0
3,500003,S,L,17245,8,0,0,0,2022-03-02 09:32:01.850079,3,T,1646191800088139149,0
3,500003,B,L,17245,8,8,0,0,2022-03-02 09:32:01.850079,0,T,1646191800088139139,0
3,500003,S,L,17235,26,0,0,0,2022-03-02 09:32:07.657716,4,T,1646191800088139267,0
3,500003,B,L,17235,26,0,222,0,2022-03-02 09:32:07.657716,3,T,1646191800088139280,0
3,500003,B,L,17215,22,0,79,0,2022-03-02 09:32:10.462461,0,T,1646191800088139303,0
3,500003,B,L,17215,12,12,0,0,2022-03-02 09:32:10.462461,0,T,1646191800088139246,0
3,500003,B,L,17220,8,8,0,0,2022-03-02 09:32:10.462461,0,T,1646191800088139154,0
3,500003,S,G,17215,50,0,84,0,2022-03-02 09:32:10.462461,0,T,1646191800088139312,0
3,500003,S,G,17215,22,0,0,0,2022-03-02 09:32:10.462461,0,T,1646191800088139312,0
3,500003,S,G,17215,50,0,34,0,2022-03-02 09:32:10.462461,0,T,1646191800088139312,0
3,500003,S,G,17215,12,0,22,0,2022-03-02 09:32:10.462461,0,T,1646191800088139312,0
3,500003,S,G,17220,8,0,134,0,2022-03-02 09:32:10.462461,0,T,1646191800088139312,0
3,500003,B,L,17215,50,0,0,0,2022-03-02 09:32:10.462461,0,T,1646191800088139102,0
3,500003,B,L,17215,50,0,0,0,2022-03-02 09:32:10.462461,0,T,1646191800088139103,0
3,500003,B,G,17265,4,0,37,0,2022-03-02 09:32:29.079317,0,T,1646191800088143226,0
3,500003,B,G,17280,37,0,0,0,2022-03-02 09:32:29.079317,0,T,1646191800088143226,0
3,500003,S,L,17265,4,4,0,0,2022-03-02 09:32:29.079317,0,T,1646191800088143225,0
3,500003,S,L,17280,37,0,463,0,2022-03-02 09:32:29.079317,4,T,1646191800088102511,0
3,500003,B,L,17250,49,0,0,0,2022-03-02 09:32:37.288062,3,T,1646191800088145507,0
3,500003,S,L,17250,49,0,0,0,2022-03-02 09:32:37.288062,4,T,1646191800088143484,0
3,500003,B,L,17260,4,0,698,0,2022-03-02 09:32:37.288273,3,T,1646191800088145511,0
3,500003,S,L,17260,4,4,0,0,2022-03-02 09:32:37.288273,0,T,1646191800088143498,0
3,500003,S,L,17280,463,0,0,0,2022-03-02 09:32:37.288436,4,T,1646191800088102511,0
3,500003,B,L,17280,463,0,239,0,2022-03-02 09:32:37.288436,3,T,1646191800088145513,0
3,500003,B,L,17280,8,0,28,0,2022-03-02 09:32:37.347662,3,T,1646191800088145535,0
3,500003,S,L,17280,8,8,0,0,2022-03-02 09:32:37.347662,0,T,1646191800088145531,0
3,500003,B,L,17290,100,0,20,0,2022-03-02 09:32:57.883693,3,T,1646191800088145604,0
3,500003,S,L,17290,100,0,0,0,2022-03-02 09:32:57.883693,0,T,1646191800088006755,0
3,500003,S,L,17290,38,0,0,0,2022-03-02 09:33:01.944160,4,T,1646191800088145648,0
3,500003,B,L,17290,38,0,130,0,2022-03-02 09:33:01.944160,3,T,1646191800088145649,0
3,500003,B,L,17295,44,0,401,0,2022-03-02 09:33:07.614154,3,T,1646191800088145687,0
3,500003,B,L,17295,3,0,445,0,2022-03-02 09:33:07.614154,3,T,1646191800088145687,0
3,500003,S,L,17295,44,0,0,0,2022-03-02 09:33:07.614154,4,T,1646191800088145684,0
3,500003,S,L,17295,3,0,0,0,2022-03-02 09:33:07.614154,0,T,1646191800088006062,0
3,500003,S,L,17300,60,0,0,0,2022-03-02 09:33:07.614480,4,T,1646191800088145541,0
3,500003,B,L,17300,60,0,617,0,2022-03-02 09:33:07.614480,3,T,1646191800088145691,0
3,500003,B,L,17300,10,0,692,0,2022-03-02 09:33:07.614480,3,T,1646191800088145691,0
3,500003,S,L,17300,10,0,0,0,2022-03-02 09:33:07.614480,0,T,1646191800088094736,0
3,500003,B,L,17300,15,0,677,0,2022-03-02 09:33:07.614480,3,T,1646191800088145691,0
3,500003,S,L,17300,15,0,0,0,2022-03-02 09:33:07.614480,0,T,1646191800088121676,0
3,500003,B,L,17350,5,5,0,0,2022-03-02 09:33:12.087858,0,T,1646191800088145795,0
3,500003,S,L,17350,5,0,94,0,2022-03-02 09:33:12.087858,0,T,1646191800088094892,0
3,500003,B,L,17355,8,8,0,0,2022-03-02 09:33:28.693275,0,T,1646191800088145588,0
3,500003,S,L,17355,8,0,242,0,2022-03-02 09:33:28.693275,0,T,1646191800088122037,0
3,500003,S,L,17355,196,0,46,0,2022-03-02 09:33:28.693275,0,T,1646191800088122037,0
3,500003,S,L,17350,46,0,0,0,2022-03-02 09:33:28.693275,0,T,1646191800088122037,0
3,500003,B,L,17350,46,0,4,0,2022-03-02 09:33:28.693275,0,T,1646191800088145858,0
3,500003,B,L,17355,196,20,0,0,2022-03-02 09:33:28.693275,0,T,1646191800088145629,0
3,500003,B,L,17375,18,0,10,0,2022-03-02 09:33:30.486826,3,T,1646191800088145880,0
3,500003,B,L,17375,10,0,0,0,2022-03-02 09:33:30.486826,3,T,1646191800088145880,0
3,500003,S,L,17375,10,0,0,0,2022-03-02 09:33:30.486826,0,T,1646191800088145867,0
3,500003,S,L,17375,18,0,0,0,2022-03-02 09:33:30.486826,0,T,1646191800088006052,0
3,500003,S,L,17380,8,8,0,0,2022-03-02 09:33:30.486956,0,T,1646191800088145866,0
3,500003,B,L,17390,100,0,539,0,2022-03-02 09:33:30.486956,3,T,1646191800088145885,0
3,500003,B,L,17390,50,0,639,0,2022-03-02 09:33:30.486956,3,T,1646191800088145885,0
3,500003,B,L,17385,5,0,689,0,2022-03-02 09:33:30.486956,3,T,1646191800088145885,0
3,500003,B,L,17380,8,0,694,0,2022-03-02 09:33:30.486956,3,T,1646191800088145885,0
3,500003,S,L,17385,5,5,0,0,2022-03-02 09:33:30.486956,0,T,1646191800088145868,0
3,500003,S,L,17390,50,50,0,0,2022-03-02 09:33:30.486956,0,T,1646191800088094775,0
3,500003,S,L,17390,100,0,0,0,2022-03-02 09:33:30.486956,0,T,1646191800088035543,0
3,500003,B,L,17405,20,20,172,0,2022-03-02 09:33:35.430307,0,T,1646191800088145948,0
3,500003,S,L,17405,20,20,0,0,2022-03-02 09:33:35.430307,3,T,1646191800088145982,0
3,500003,S,L,17405,20,20,0,0,2022-03-02 09:33:35.786873,3,T,1646191800088145984,0
3,500003,B,L,17405,20,20,152,0,2022-03-02 09:33:35.786873,0,T,1646191800088145948,0
3,500003,B,L,17405,100,20,52,0,2022-03-02 09:33:36.410988,0,T,1646191800088145948,0
3,500003,S,G,17405,100,0,0,0,2022-03-02 09:33:36.410988,0,T,1646191800088145993,0
3,500003,B,L,17405,24,20,28,0,2022-03-02 09:33:36.660556,0,T,1646191800088145948,0
3,500003,S,L,17405,24,0,0,0,2022-03-02 09:33:36.660556,3,T,1646191800088145994,0
3,500003,S,L,17405,28,0,261,0,2022-03-02 09:33:37.255147,3,T,1646191800088145997,0
3,500003,B,L,17405,28,20,0,0,2022-03-02 09:33:37.255147,0,T,1646191800088145948,0
3,500003,B,L,17405,24,20,175,0,2022-03-02 09:33:38.784936,0,T,1646191800088146000,0
3,500003,S,L,17405,24,0,0,0,2022-03-02 09:33:38.784936,3,T,1646191800088146001,0
3,500003,S,L,17410,250,0,0,0,2022-03-02 09:33:40.211997,0,T,1646191800088121701,0
3,500003,B,L,17410,250,250,0,0,2022-03-02 09:33:40.211997,3,T,1646191800088146005,0
3,500003,S,L,17410,4,50,46,0,2022-03-02 09:33:40.360688,0,T,1646191800088146025,0
3,500003,S,L,17405,30,50,16,0,2022-03-02 09:33:40.360688,0,T,1646191800088146025,0
3,500003,S,L,17405,16,50,0,0,2022-03-02 09:33:40.360688,0,T,1646191800088146025,0
3,500003,B,L,17405,16,20,159,0,2022-03-02 09:33:40.360688,0,T,1646191800088146000,0
3,500003,B,L,17410,4,4,0,0,2022-03-02 09:33:40.360688,0,T,1646191800088145983,0
3,500003,B,L,17405,30,0,20,0,2022-03-02 09:33:40.360688,0,T,1646191800088146010,0
3,500003,B,L,17415,6,0,44,0,2022-03-02 09:33:43.004538,0,T,1646191800088146040,0
3,500003,B,L,17420,4,4,0,0,2022-03-02 09:33:43.004538,0,T,1646191800088146028,0
3,500003,S,L,17415,6,0,0,0,2022-03-02 09:33:43.004538,0,T,1646191800088146049,0
3,500003,S,L,17420,4,0,6,0,2022-03-02 09:33:43.004538,0,T,1646191800088146049,0
3,500003,B,L,17425,19,19,169,0,2022-03-02 09:33:47.956593,0,T,1646191800088146000,0
3,500003,S,L,17425,19,19,0,0,2022-03-02 09:33:47.956593,3,T,1646191800088146082,0
3,500003,S,L,17450,10,0,0,0,2022-03-02 09:33:52.713237,0,T,1646191800088146081,0
3,500003,B,L,17450,10,0,530,0,2022-03-02 09:33:52.713237,3,T,1646191800088146136,0
3,500003,B,L,17455,2,0,528,0,2022-03-02 09:33:52.713237,3,T,1646191800088146136,0
3,500003,S,L,17455,2,2,0,0,2022-03-02 09:33:52.713237,0,T,1646191800088146116,0
3,500003,S,L,17470,215,43,0,0,2022-03-02 09:33:52.713454,4,T,1646191800088102368,0
3,500003,B,L,17470,215,0,325,0,2022-03-02 09:33:52.713454,3,T,1646191800088146137,0
3,500003,B,G,17475,10,10,0,0,2022-03-02 09:33:57.660108,0,T,1646191800088146182,0
3,500003,S,L,17475,10,50,40,0,2022-03-02 09:33:57.660108,0,T,1646191800088146181,0
3,500003,B,L,17440,2,2,0,0,2022-03-02 09:34:13.152656,0,T,1646191800088146065,0
3,500003,S,L,17440,2,0,80,0,2022-03-02 09:34:13.152656,3,T,1646191800088146244,0
3,500003,B,L,17420,2,2,0,0,2022-03-02 09:34:13.181782,0,T,1646191800088146270,0
3,500003,S,L,17420,2,0,388,0,2022-03-02 09:34:13.181782,3,T,1646191800088146280,0
3,500003,B,L,17425,2,0,14,0,2022-03-02 09:34:13.703087,3,T,1646191800088146312,0
3,500003,S,L,17425,2,2,0,0,2022-03-02 09:34:13.703087,0,T,1646191800088146299,0
3,500003,S,L,17445,2,2,0,0,2022-03-02 09:34:15.306540,0,T,1646191800088146385,0
3,500003,B,L,17445,2,0,0,0,2022-03-02 09:34:15.306540,3,T,1646191800088146397,0
3,500003,S,L,17470,63,0,44,0,2022-03-02 09:34:18.839006,0,T,1646191800088146420,0
3,500003,B,G,17470,63,0,0,0,2022-03-02 09:34:18.839006,0,T,1646191800088146442,0
3,500003,S,L,17445,2,0,0,0,2022-03-02 09:34:19.080349,3,T,1646191800088146450,0
3,500003,B,L,17445,2,2,0,0,2022-03-02 09:34:19.080349,0,T,1646191800088146342,0
3,500003,B,L,17440,2,2,0,0,2022-03-02 09:34:19.290448,0,T,1646191800088146451,0
3,500003,S,L,17440,2,0,0,0,2022-03-02 09:34:19.290448,3,T,1646191800088146463,0
3,500003,B,L,17400,50,0,0,0,2022-03-02 09:34:27.781094,0,T,1646191800088153785,0
3,500003,S,L,17400,50,50,0,0,2022-03-02 09:34:27.781094,0,T,1646191800088153792,0
3,500003,B,L,17385,5,0,45,0,2022-03-02 09:34:28.356256,0,T,1646191800088153812,0
3,500003,S,L,17385,5,0,0,0,2022-03-02 09:34:28.356256,4,T,1646191800088153810,0
3,500003,B,G,17400,2,0,48,0,2022-03-02 09:34:33.163955,0,T,1646191800088153843,0
3,500003,B,G,17405,41,0,7,0,2022-03-02 09:34:33.163955,0,T,1646191800088153843,0
3,500003,B,G,17410,7,0,0,0,2022-03-02 09:34:33.163955,0,T,1646191800088153843,0
3,500003,S,L,17400,2,2,0,0,2022-03-02 09:34:33.163955,0,T,1646191800088153779,0
3,500003,S,L,17410,7,0,117,0,2022-03-02 09:34:33.163955,0,T,1646191800088153815,0
3,500003,S,L,17405,41,41,0,0,2022-03-02 09:34:33.163955,0,T,1646191800088153742,0
3,500003,B,L,17390,50,0,0,0,2022-03-02 09:34:40.142450,0,T,1646191800088153864,0
3,500003,S,L,17390,50,0,0,0,2022-03-02 09:34:40.142450,3,T,1646191800088153871,0
3,500003,B,L,17360,2,2,0,0,2022-03-02 09:34:42.651340,0,T,1646191800088153844,0
3,500003,S,L,17360,2,0,392,0,2022-03-02 09:34:42.651340,3,T,1646191800088153900,0
3,500003,S,L,17350,5,0,0,0,2022-03-02 09:34:42.666046,4,T,1646191800088153903,0
3,500003,B,L,17350,5,0,45,0,2022-03-02 09:34:42.666046,0,T,1646191800088153912,0
3,500003,B,L,17365,30,0,0,0,2022-03-02 09:34:48.828098,0,T,1646191800088154001,0
3,500003,S,L,17365,30,50,20,0,2022-03-02 09:34:48.828098,0,T,1646191800088153994,0
3,500003,S,L,17365,20,50,0,0,2022-03-02 09:34:55.834429,0,T,1646191800088153994,0
3,500003,B,L,17365,20,0,598,0,2022-03-02 09:34:55.834429,3,T,1646191800088154035,0
3,500003,S,L,17400,30,30,0,0,2022-03-02 09:34:58.252658,0,T,1646191800088154046,0
3,500003,B,G,17395,116,0,83,0,2022-03-02 09:34:58.252658,0,T,1646191800088154093,0
3,500003,B,G,17395,13,0,70,0,2022-03-02 09:34:58.252658,0,T,1646191800088154093,0
3,500003,S,L,17395,13,13,0,0,2022-03-02 09:34:58.252658,0,T,1646191800088154030,0
3,500003,B,G,17400,40,0,0,0,2022-03-02 09:34:58.252658,0,T,1646191800088154093,0
3,500003,B,G,17400,30,0,40,0,2022-03-02 09:34:58.252658,0,T,1646191800088154093,0
3,500003,B,G,17390,1,0,199,0,2022-03-02 09:34:58.252658,0,T,1646191800088154093,0
3,500003,S,L,17395,116,0,0,0,2022-03-02 09:34:58.252658,0,T,1646191800088153888,0
3,500003,S,L,17400,40,20,160,0,2022-03-02 09:34:58.252658,0,T,1646191800088153895,0
3,500003,S,L,17390,1,1,0,0,2022-03-02 09:34:58.252658,0,T,1646191800088154073,0
3,500003,S,L,17385,1,1,0,0,2022-03-02 09:34:58.962924,0,T,1646191800088154139,0
3,500003,B,L,17385,1,0,3,0,2022-03-02 09:34:58.962924,3,T,1646191800088154141,0
3,500003,S,L,17385,1,1,0,0,2022-03-02 09:35:10.934766,0,T,1646191800088154204,0
3,500003,B,L,17385,1,0,0,0,2022-03-02 09:35:10.934766,3,T,1646191800088154217,0
3,500003,S,L,17370,1,0,0,0,2022-03-02 09:35:34.518172,3,T,1646191800088154277,0
3,500003,B,L,17370,1,1,0,0,2022-03-02 09:35:34.518172,0,T,1646191800088154146,0
3,500003,S,L,17365,50,0,0,0,2022-03-02 09:35:34.824433,3,T,1646191800088154292,0
3,500003,B,L,17365,50,0,0,0,2022-03-02 09:35:34.824433,0,T,1646191800088154235,0
3,500003,B,L,17355,1,1,0,0,2022-03-02 09:35:46.681907,0,T,1646191800088154294,0
3,500003,S,L,17355,1,0,0,0,2022-03-02 09:35:46.681907,3,T,1646191800088154310,0
3,500003,S,L,17350,1800,0,120,0,2022-03-02 09:35:46.682153,3,T,1646191800088154314,0
3,500003,S,L,17350,120,0,0,0,2022-03-02 09:35:46.682153,3,T,1646191800088154314,0
3,500003,B,L,17350,1800,0,0,0,2022-03-02 09:35:46.682153,0,T,1646191800088074301,0
3,500003,B,L,17350,120,0,30,0,2022-03-02 09:35:46.682153,0,T,1646191800088121245,0
3,500003,B,L,17350,30,0,0,0,2022-03-02 09:35:46.682246,0,T,1646191800088121245,0
3,500003,S,L,17350,30,0,1920,0,2022-03-02 09:35:46.682246,3,T,1646191800088154315,0
3,500003,S,L,17340,40,40,0,0,2022-03-02 09:36:23.667810,0,T,1646191800088146181,0
3,500003,B,L,17340,40,0,160,0,2022-03-02 09:36:23.667810,0,T,1646191800088154156,0
3,500003,B,L,17340,60,0,100,0,2022-03-02 09:36:31.641794,0,T,1646191800088154156,0
3,500003,S,L,17340,60,0,0,0,2022-03-02 09:36:31.641794,0,T,1646191800088154492,0
3,500003,B,L,17340,23,0,77,0,2022-03-02 09:36:32.127807,0,T,1646191800088154156,0
3,500003,S,L,17340,23,0,0,0,2022-03-02 09:36:32.127807,0,T,1646191800088154496,0
3,500003,S,L,17340,44,0,0,0,2022-03-02 09:36:53.669587,0,T,1646191800088073951,0
3,500003,B,L,17340,44,0,33,0,2022-03-02 09:36:53.669587,0,T,1646191800088154156,0
3,500003,B,L,17340,33,0,0,0,2022-03-02 09:37:02.600902,0,T,1646191800088154156,0
3,500003,S,L,17340,33,33,0,0,2022-03-02 09:37:02.600902,3,T,1646191800088154522,0
3,500003,B,L,17285,110,43,107,0,2022-03-02 09:37:06.794924,4,T,1646191800088133898,0
3,500003,B,L,17295,217,43,0,0,2022-03-02 09:37:06.794924,4,T,1646191800088139158,0
3,500003,B,L,17300,200,20,0,0,2022-03-02 09:37:06.794924,0,T,1646191800088094783,0
3,500003,B,L,17285,98,0,0,0,2022-03-02 09:37:06.794924,0,T,1646191800088145718,0
3,500003,B,L,17285,92,0,0,0,2022-03-02 09:37:06.794924,0,T,1646191800088145726,0
3,500003,B,L,17295,90,0,0,0,2022-03-02 09:37:06.794924,0,T,1646191800088145737,0
3,500003,B,L,17295,80,0,0,0,2022-03-02 09:37:06.794924,0,T,1646191800088154523,0
3,500003,B,L,17305,73,0,0,0,2022-03-02 09:37:06.794924,0,T,1646191800088145765,0
3,500003,S,L,17295,217,0,315,0,2022-03-02 09:37:06.794924,0,T,1646191800088154560,0
3,500003,S,L,17295,80,0,532,0,2022-03-02 09:37:06.794924,0,T,1646191800088154560,0
3,500003,S,L,17295,90,0,612,0,2022-03-02 09:37:06.794924,0,T,1646191800088154560,0
3,500003,S,L,17300,200,0,702,0,2022-03-02 09:37:06.794924,0,T,1646191800088154560,0
3,500003,S,L,17285,92,0,125,0,2022-03-02 09:37:06.794924,0,T,1646191800088154560,0
3,500003,S,L,17285,15,0,110,0,2022-03-02 09:37:06.794924,0,T,1646191800088154560,0
3,500003,S,L,17285,110,0,0,0,2022-03-02 09:37:06.794924,0,T,1646191800088154560,0
3,500003,S,L,17300,15,0,902,0,2022-03-02 09:37:06.794924,0,T,1646191800088154560,0
3,500003,S,L,17305,73,0,917,0,2022-03-02 09:37:06.794924,0,T,1646191800088154560,0
3,500003,S,L,17285,98,0,217,0,2022-03-02 09:37:06.794924,0,T,1646191800088154560,0
3,500003,B,L,17300,15,0,0,0,2022-03-02 09:37:06.794924,0,T,1646191800088121943,0
3,500003,B,L,17285,15,0,0,0,2022-03-02 09:37:06.794924,0,T,1646191800088049185,0
3,500003,B,L,17300,200,200,0,0,2022-03-02 09:37:14.748033,3,T,1646191800088154649,0
3,500003,S,L,17300,200,0,0,0,2022-03-02 09:37:14.748033,0,T,1646191800088154648,0
3,500003,B,L,17335,1,0,24,0,2022-03-02 09:37:27.822303,4,T,1646191800088170957,0
3,500003,S,L,17335,1,1,0,0,2022-03-02 09:37:27.822303,0,T,1646191800088170955,0
3,500003,B,L,17335,24,0,0,0,2022-03-02 09:37:27.822475,4,T,1646191800088170957,0
3,500003,S,L,17335,24,25,1,0,2022-03-02 09:37:27.822475,3,T,1646191800088170958,0
3,500003,S,L,17330,1,1,0,0,2022-03-02 09:38:07.316725,0,T,1646191800088171606,0
3,500003,B,L,17330,1,0,539,0,2022-03-02 09:38:07.316725,3,T,1646191800088171619,0
3,500003,B,G,17330,30,0,0,0,2022-03-02 09:39:34.791247,0,T,1646191800088171683,0
3,500003,S,L,17330,30,0,470,0,2022-03-02 09:39:34.791247,4,T,1646191800088171082,0
3,500003,S,L,17330,470,0,0,0,2022-03-02 09:40:06.977484,4,T,1646191800088171082,0
3,500003,B,L,17330,470,0,0,0,2022-03-02 09:40:06.977484,3,T,1646191800088171701,0
3,500003,S,L,17350,100,0,0,0,2022-03-02 09:40:07.075923,4,T,1646191800088154488,0
3,500003,B,L,17350,100,0,440,0,2022-03-02 09:40:07.075923,3,T,1646191800088171709,0
3,500003,S,L,17350,69,0,0,0,2022-03-02 09:40:28.066235,0,T,1646191800088171790,0
3,500003,S,L,17350,50,0,69,0,2022-03-02 09:40:28.066235,0,T,1646191800088171790,0
3,500003,S,L,17355,1,0,119,0,2022-03-02 09:40:28.066235,0,T,1646191800088171790,0
3,500003,B,L,17350,50,0,0,0,2022-03-02 09:40:28.066235,0,T,1646191800088171777,0
3,500003,B,L,17355,1,1,0,0,2022-03-02 09:40:28.066235,0,T,1646191800088171778,0
3,500003,B,L,17350,69,43,147,0,2022-03-02 09:40:28.066235,4,T,1646191800088048592,0
3,500003,B,G,17390,49,0,0,0,2022-03-02 09:40:37.108265,0,T,1646191800088187224,0
3,500003,B,G,17385,50,0,49,0,2022-03-02 09:40:37.108265,0,T,1646191800088187224,0
3,500003,B,G,17380,1,0,99,0,2022-03-02 09:40:37.108265,0,T,1646191800088187224,0
3,500003,S,L,17380,1,1,0,0,2022-03-02 09:40:37.108265,0,T,1646191800088187208,0
3,500003,S,L,17390,49,0,1,0,2022-03-02 09:40:37.108265,0,T,1646191800088171774,0
3,500003,S,L,17385,50,0,0,0,2022-03-02 09:40:37.108265,0,T,1646191800088187221,0
3,500003,S,L,17390,1,0,0,0,2022-03-02 09:40:37.864117,0,T,1646191800088171774,0
3,500003,S,L,17390,4,0,46,0,2022-03-02 09:40:37.864117,0,T,1646191800088187225,0
3,500003,B,G,17390,1,0,4,0,2022-03-02 09:40:37.864117,0,T,1646191800088187227,0
3,500003,B,G,17390,4,0,0,0,2022-03-02 09:40:37.864117,0,T,1646191800088187227,0
3,500003,S,L,17380,1,0,49,0,2022-03-02 09:40:55.050156,0,T,1646191800088187302,0
3,500003,B,G,17380,1,0,0,0,2022-03-02 09:40:55.050156,0,T,1646191800088187305,0
3,500003,S,L,17390,216,43,0,0,2022-03-02 09:41:22.481224,4,T,1646191800088145915,0
3,500003,B,L,17390,216,0,114,0,2022-03-02 09:41:22.481224,3,T,1646191800088187421,0
3,500003,B,L,17400,20,0,63,0,2022-03-02 09:41:22.481309,3,T,1646191800088187422,0
3,500003,B,L,17400,43,0,0,0,2022-03-02 09:41:22.481309,3,T,1646191800088187422,0
3,500003,B,L,17400,20,0,43,0,2022-03-02 09:41:22.481309,3,T,1646191800088187422,0
3,500003,S,L,17400,20,20,0,0,2022-03-02 09:41:22.481309,0,T,1646191800088171799,0
3,500003,S,L,17400,43,43,173,0,2022-03-02 09:41:22.481309,4,T,1646191800088121672,0
3,500003,S,L,17400,20,20,140,0,2022-03-02 09:41:22.481309,0,T,1646191800088153895,0
3,500003,S,L,17400,140,20,0,0,2022-03-02 09:41:22.481438,0,T,1646191800088153895,0
3,500003,B,L,17400,173,0,144,0,2022-03-02 09:41:22.481438,3,T,1646191800088187423,0
3,500003,B,L,17400,140,0,4,0,2022-03-02 09:41:22.481438,3,T,1646191800088187423,0
3,500003,S,L,17400,173,43,0,0,2022-03-02 09:41:22.481438,4,T,1646191800088121672,0
3,500003,S,L,17410,215,43,0,0,2022-03-02 09:41:22.481770,4,T,1646191800088121304,0
3,500003,B,L,17410,215,0,487,0,2022-03-02 09:41:22.481770,3,T,1646191800088187429,0
3,500003,B,L,17405,13,13,112,0,2022-03-02 09:41:33.001958,0,T,1646191800088187480,0
3,500003,S,L,17405,13,13,0,0,2022-03-02 09:41:33.001958,3,T,1646191800088187508,0
3,500003,S,L,17395,1,51,50,0,2022-03-02 09:41:36.949978,3,T,1646191800088187521,0
3,500003,B,L,17395,1,1,0,0,2022-03-02 09:41:36.949978,0,T,1646191800088187254,0
3,500003,S,L,17400,1,1,0,0,2022-03-02 09:41:43.117547,0,T,1646191800088187533,0
3,500003,B,L,17400,1,0,0,0,2022-03-02 09:41:43.117547,3,T,1646191800088187552,0
3,500003,B,L,17410,50,0,0,0,2022-03-02 09:42:10.667633,0,T,1646191800088187649,0
3,500003,B,L,17410,49,0,1,0,2022-03-02 09:42:10.667633,0,T,1646191800088187650,0
3,500003,B,L,17415,1,1,0,0,2022-03-02 09:42:10.667633,0,T,1646191800088187532,0
3,500003,S,L,17410,50,12,49,0,2022-03-02 09:42:10.667633,0,T,1646191800088171656,0
3,500003,S,L,17415,1,12,99,0,2022-03-02 09:42:10.667633,0,T,1646191800088171656,0
3,500003,S,L,17410,49,12,0,0,2022-03-02 09:42:10.667633,0,T,1646191800088171656,0
3,500003,B,L,17415,1,1,0,0,2022-03-02 09:42:12.430674,0,T,1646191800088187656,0
3,500003,B,L,17410,1,0,0,0,2022-03-02 09:42:12.430674,0,T,1646191800088187650,0
3,500003,B,L,17410,50,0,0,0,2022-03-02 09:42:12.430674,0,T,1646191800088187655,0
3,500003,B,L,17405,8,43,207,0,2022-03-02 09:42:12.430674,4,T,1646191800088154576,0
3,500003,S,L,17405,8,0,0,0,2022-03-02 09:42:12.430674,0,T,1646191800088019111,0
3,500003,S,L,17410,50,0,8,0,2022-03-02 09:42:12.430674,0,T,1646191800088019111,0
3,500003,S,L,17410,1,0,58,0,2022-03-02 09:42:12.430674,0,T,1646191800088019111,0
3,500003,S,L,17415,1,0,59,0,2022-03-02 09:42:12.430674,0,T,1646191800088019111,0
3,500003,B,G,17440,1,0,0,0,2022-03-02 09:42:23.318847,0,T,1646191800088187739,0
3,500003,S,L,17440,1,1,0,0,2022-03-02 09:42:23.318847,0,T,1646191800088187737,0
3,500003,S,L,17435,1,1,0,0,2022-03-02 09:42:54.991558,0,T,1646191800088187796,0
3,500003,S,L,17440,24,0,98,0,2022-03-02 09:42:54.991558,0,T,1646191800088187806,0
3,500003,B,G,17440,24,0,0,0,2022-03-02 09:42:54.991558,0,T,1646191800088187812,0
3,500003,B,G,17435,1,0,24,0,2022-03-02 09:42:54.991558,0,T,1646191800088187812,0
3,500003,S,L,17465,13,0,2,0,2022-03-02 09:43:34.959991,0,T,1646191800088146233,0
3,500003,B,L,17465,13,0,0,0,2022-03-02 09:43:34.959991,3,T,1646191800088187931,0
3,500003,B,L,17465,14,0,0,0,2022-03-02 09:43:43.832517,3,T,1646191800088187939,0
3,500003,B,L,17465,2,0,14,0,2022-03-02 09:43:43.832517,3,T,1646191800088187939,0
3,500003,S,L,17465,2,0,0,0,2022-03-02 09:43:43.832517,0,T,1646191800088146233,0
3,500003,S,L,17465,14,0,36,0,2022-03-02 09:43:43.832517,0,T,1646191800088187937,0
3,500003,S,L,17465,5,0,31,0,2022-03-02 09:43:45.077183,0,T,1646191800088187937,0
3,500003,B,G,17465,5,0,0,0,2022-03-02 09:43:45.077183,0,T,1646191800088187940,0
3,500003,B,L,17445,1,1,0,0,2022-03-02 09:43:47.723856,0,T,1646191800088187741,0
3,500003,B,L,17405,261,0,0,0,2022-03-02 09:43:47.723856,4,T,1646191800088187935,0
3,500003,B,L,17410,50,0,0,0,2022-03-02 09:43:47.723856,0,T,1646191800088187825,0
3,500003,B,L,17440,50,0,0,0,2022-03-02 09:43:47.723856,0,T,1646191800088187910,0
3,500003,B,L,17410,50,0,0,0,2022-03-02 09:43:47.723856,0,T,1646191800088187837,0
3,500003,B,L,17435,85,0,0,0,2022-03-02 09:43:47.723856,0,T,1646191800088187894,0
3,500003,B,L,17435,115,0,0,0,2022-03-02 09:43:47.723856,0,T,1646191800088187895,0
3,500003,B,L,17435,80,80,0,0,2022-03-02 09:43:47.723856,0,T,1646191800088187921,0
3,500003,B,L,17440,29,29,0,0,2022-03-02 09:43:47.723856,0,T,1646191800088146198,0
3,500003,B,L,17425,71,0,0,0,2022-03-02 09:43:47.723856,0,T,1646191800088187882,0
3,500003,B,L,17420,115,0,0,0,2022-03-02 09:43:47.723856,0,T,1646191800088187857,0
3,500003,B,L,17420,22,22,0,0,2022-03-02 09:43:47.723856,0,T,1646191800088146472,0
3,500003,B,L,17415,73,0,0,0,2022-03-02 09:43:47.723856,0,T,1646191800088187881,0
3,500003,B,L,17405,89,0,0,0,2022-03-02 09:43:47.723856,0,T,1646191800088187686,0
3,500003,B,L,17405,97,0,0,0,2022-03-02 09:43:47.723856,0,T,1646191800088187688,0
3,500003,S,G,17405,152,0,0,0,2022-03-02 09:43:47.723856,0,T,1646191800088187944,0
3,500003,S,G,17405,261,0,152,0,2022-03-02 09:43:47.723856,0,T,1646191800088187944,0
3,500003,S,G,17415,15,0,987,0,2022-03-02 09:43:47.723856,0,T,1646191800088187944,0
3,500003,S,G,17415,73,0,914,0,2022-03-02 09:43:47.723856,0,T,1646191800088187944,0
3,500003,S,G,17415,215,0,699,0,2022-03-02 09:43:47.723856,0,T,1646191800088187944,0
3,500003,S,G,17410,50,0,649,0,2022-03-02 09:43:47.723856,0,T,1646191800088187944,0
3,500003,S,G,17410,50,0,599,0,2022-03-02 09:43:47.723856,0,T,1646191800088187944,0
3,500003,S,G,17405,89,0,510,0,2022-03-02 09:43:47.723856,0,T,1646191800088187944,0
3,500003,S,G,17425,215,0,1139,0,2022-03-02 09:43:47.723856,0,T,1646191800088187944,0
3,500003,S,G,17425,71,0,1354,0,2022-03-02 09:43:47.723856,0,T,1646191800088187944,0
3,500003,B,L,17415,15,0,0,0,2022-03-02 09:43:47.723856,0,T,1646191800088154561,0
3,500003,S,G,17420,115,0,1024,0,2022-03-02 09:43:47.723856,0,T,1646191800088187944,0
3,500003,S,G,17405,97,0,413,0,2022-03-02 09:43:47.723856,0,T,1646191800088187944,0
3,500003,S,G,17435,215,0,1425,0,2022-03-02 09:43:47.723856,0,T,1646191800088187944,0
3,500003,S,G,17435,80,0,1640,0,2022-03-02 09:43:47.723856,0,T,1646191800088187944,0
3,500003,S,G,17435,115,0,1720,0,2022-03-02 09:43:47.723856,0,T,1646191800088187944,0
3,500003,S,G,17435,85,0,1835,0,2022-03-02 09:43:47.723856,0,T,1646191800088187944,0
3,500003,S,G,17420,22,0,1002,0,2022-03-02 09:43:47.723856,0,T,1646191800088187944,0
3,500003,S,G,17440,29,0,1920,0,2022-03-02 09:43:47.723856,0,T,1646191800088187944,0
3,500003,S,G,17440,50,0,1949,0,2022-03-02 09:43:47.723856,0,T,1646191800088187944,0
3,500003,S,G,17445,1,0,1999,0,2022-03-02 09:43:47.723856,0,T,1646191800088187944,0
3,500003,B,L,17405,152,43,63,0,2022-03-02 09:43:47.723856,4,T,1646191800088154576,0
3,500003,B,L,17435,215,43,0,0,2022-03-02 09:43:47.723856,4,T,1646191800088048592,0
3,500003,B,L,17425,215,43,0,0,2022-03-02 09:43:47.723856,4,T,1646191800088006820,0
3,500003,B,L,17415,215,43,0,0,2022-03-02 09:43:47.723856,4,T,1646191800088048414,0
3,500003,S,L,17465,1,1,0,0,2022-03-02 09:44:01.356894,0,T,1646191800088187947,0
3,500003,B,L,17465,1,0,9,0,2022-03-02 09:44:01.356894,4,T,1646191800088188025,0
3,500003,B,L,17465,10,0,0,0,2022-03-02 09:44:22.030110,0,T,1646191800088188087,0
3,500003,S,L,17465,10,0,91,0,2022-03-02 09:44:22.030110,0,T,1646191800088188063,0
3,500003,S,L,17465,1,0,90,0,2022-03-02 09:44:29.088757,0,T,1646191800088188063,0
3,500003,B,G,17465,1,0,0,0,2022-03-02 09:44:29.088757,0,T,1646191800088188100,0
3,500003,S,L,17465,50,0,40,0,2022-03-02 09:44:33.743249,0,T,1646191800088188063,0
3,500003,B,G,17465,50,0,0,0,2022-03-02 09:44:33.743249,0,T,1646191800088188103,0
3,500003,S,L,17440,1,0,511,0,2022-03-02 09:44:35.791594,3,T,1646191800088188119,0
3,500003,B,L,17440,1,1,0,0,2022-03-02 09:44:35.791594,0,T,1646191800088187945,0
3,500003,B,L,17420,1,1,0,0,2022-03-02 09:44:37.125562,0,T,1646191800088188120,0
3,500003,B,L,17415,17,0,74,0,2022-03-02 09:44:37.125562,0,T,1646191800088188002,0
3,500003,S,G,17420,1,0,17,0,2022-03-02 09:44:37.125562,0,T,1646191800088188133,0
3,500003,S,G,17415,17,0,0,0,2022-03-02 09:44:37.125562,0,T,1646191800088188133,0
3,500003,B,G,17445,15,0,0,0,2022-03-02 09:44:45.154402,0,T,1646191800088188175,0
3,500003,B,G,17440,1,0,15,0,2022-03-02 09:44:45.154402,0,T,1646191800088188175,0
3,500003,S,L,17445,15,0,58,0,2022-03-02 09:44:45.154402,0,T,1646191800088188165,0
3,500003,S,L,17440,1,1,0,0,2022-03-02 09:44:45.154402,0,T,1646191800088188159,0
3,500003,S,L,17430,1,1,0,0,2022-03-02 09:45:06.989659,0,T,1646191800088210603,0
3,500003,B,G,17435,4,0,0,0,2022-03-02 09:45:06.989659,0,T,1646191800088210609,0
3,500003,B,G,17430,1,0,4,0,2022-03-02 09:45:06.989659,0,T,1646191800088210609,0
3,500003,S,L,17435,4,0,46,0,2022-03-02 09:45:06.989659,0,T,1646191800088210604,0
3,500003,S,L,17405,1,0,319,0,2022-03-02 09:45:21.766207,3,T,1646191800088210671,0
3,500003,B,L,17405,1,1,0,0,2022-03-02 09:45:21.766207,0,T,1646191800088188176,0
3,500003,B,L,17400,1,1,0,0,2022-03-02 09:45:27.677203,0,T,1646191800088210674,0
3,500003,S,L,17400,1,0,7,0,2022-03-02 09:45:27.677203,3,T,1646191800088210691,0
3,500003,B,L,17385,86,0,0,0,2022-03-02 09:45:27.677275,0,T,1646191800088187579,0
3,500003,B,L,17395,72,0,0,0,2022-03-02 09:45:27.677275,0,T,1646191800088187631,0
3,500003,B,L,17380,25,25,0,0,2022-03-02 09:45:27.677275,0,T,1646191800088187535,0
3,500003,S,L,17380,25,0,17,0,2022-03-02 09:45:27.677275,0,T,1646191800088187938,0
3,500003,S,L,17385,86,0,42,0,2022-03-02 09:45:27.677275,0,T,1646191800088187938,0
3,500003,S,L,17395,72,0,128,0,2022-03-02 09:45:27.677275,0,T,1646191800088187938,0
3,500003,S,L,17380,17,0,0,0,2022-03-02 09:45:27.691623,0,T,1646191800088187938,0
3,500003,B,L,17380,17,17,0,0,2022-03-02 09:45:27.691623,3,T,1646191800088210698,0
3,500003,S,G,17405,11,0,139,0,2022-03-02 09:45:50.293917,0,T,1646191800088210814,0
3,500003,S,G,17405,101,0,38,0,2022-03-02 09:45:50.293917,0,T,1646191800088210814,0
3,500003,S,G,17405,38,0,0,0,2022-03-02 09:45:50.293917,0,T,1646191800088210814,0
3,500003,B,L,17405,38,0,89,0,2022-03-02 09:45:50.293917,0,T,1646191800088210801,0
3,500003,B,L,17405,101,0,0,0,2022-03-02 09:45:50.293917,0,T,1646191800088210787,0
3,500003,B,L,17405,11,0,0,0,2022-03-02 09:45:50.293917,4,T,1646191800088210776,0
3,500003,B,L,17400,18,0,0,0,2022-03-02 09:45:52.166589,4,T,1646191800088210767,0
3,500003,B,L,17405,50,0,0,0,2022-03-02 09:45:52.166589,0,T,1646191800088210819,0
3,500003,B,L,17405,50,0,0,0,2022-03-02 09:45:52.166589,0,T,1646191800088210808,0
3,500003,S,L,17405,50,0,250,0,2022-03-02 09:45:52.166589,0,T,1646191800088210831,0
3,500003,S,L,17405,50,0,200,0,2022-03-02 09:45:52.166589,0,T,1646191800088210831,0
3,500003,S,L,17405,84,0,116,0,2022-03-02 09:45:52.166589,0,T,1646191800088210831,0
3,500003,S,L,17400,18,0,98,0,2022-03-02 09:45:52.166589,0,T,1646191800088210831,0
3,500003,S,L,17400,29,0,69,0,2022-03-02 09:45:52.166589,0,T,1646191800088210831,0
3,500003,B,L,17405,84,0,0,0,2022-03-02 09:45:52.166589,0,T,1646191800088210825,0
3,500003,B,L,17400,29,29,0,0,2022-03-02 09:45:52.166589,0,T,1646191800088210815,0
3,500003,B,L,17400,32,0,0,0,2022-03-02 09:45:52.181097,3,T,1646191800088210832,0
3,500003,S,L,17400,32,0,37,0,2022-03-02 09:45:52.181097,0,T,1646191800088210831,0
3,500003,S,L,17400,2,0,35,0,2022-03-02 09:45:52.181134,0,T,1646191800088210831,0
3,500003,B,L,17400,2,0,0,0,2022-03-02 09:45:52.181134,3,T,1646191800088210833,0
3,500003,S,L,17400,35,0,0,0,2022-03-02 09:45:52.181173,0,T,1646191800088210831,0
3,500003,B,L,17400,35,69,34,0,2022-03-02 09:45:52.181173,3,T,1646191800088210834,0
3,500003,B,L,17425,1,0,99,0,2022-03-02 09:45:54.873849,3,T,1646191800088210880,0
3,500003,S,L,17425,1,1,0,0,2022-03-02 09:45:54.873849,0,T,1646191800088210878,0
3,500003,S,L,17435,1,1,0,0,2022-03-02 09:45:54.902549,0,T,1646191800088210893,0
3,500003,B,L,17435,1,0,0,0,2022-03-02 09:45:54.902549,3,T,1646191800088210899,0
3,500003,B,L,17430,1,0,0,0,2022-03-02 09:45:54.931378,3,T,1646191800088210906,0
3,500003,S,L,17430,1,1,0,0,2022-03-02 09:45:54.931378,0,T,1646191800088210902,0
3,500003,B,L,17440,500,0,0,0,2022-03-02 09:46:05.243774,3,T,1646191800088210955,0
3,500003,S,L,17440,500,0,0,0,2022-03-02 09:46:05.243774,0,T,1646191800088210611,0
3,500003,S,L,17445,50,0,0,0,2022-03-02 09:46:05.244003,0,T,1646191800088210537,0
3,500003,S,L,17445,97,0,0,0,2022-03-02 09:46:05.244003,0,T,1646191800088210528,0
3,500003,B,L,17445,50,0,0,0,2022-03-02 09:46:05.244003,3,T,1646191800088210957,0
3,500003,B,L,17445,97,0,50,0,2022-03-02 09:46:05.244003,3,T,1646191800088210957,0
3,500003,B,L,17450,50,0,430,0,2022-03-02 09:46:08.906943,3,T,1646191800088210985,0
3,500003,S,L,17450,50,0,0,0,2022-03-02 09:46:08.906943,0,T,1646191800088210724,0
3,500003,S,L,17475,100,0,0,0,2022-03-02 09:46:19.406248,4,T,1646191800088153717,0
3,500003,B,L,17475,100,0,518,0,2022-03-02 09:46:19.406248,3,T,1646191800088211039,0
3,500003,S,L,17490,200,0,0,0,2022-03-02 09:46:19.668869,0,T,1646191800088121665,0
3,500003,B,L,17490,25,0,0,0,2022-03-02 09:46:19.668869,3,T,1646191800088211069,0
3,500003,B,L,17490,200,0,25,0,2022-03-02 09:46:19.668869,3,T,1646191800088211069,0
3,500003,S,L,17490,25,0,0,0,2022-03-02 09:46:19.668869,0,T,1646191800088153791,0
3,500003,S,L,17500,30,0,0,0,2022-03-02 09:46:20.921191,0,T,1646191800088029025,0
3,500003,S,L,17500,11,0,0,0,2022-03-02 09:46:20.921191,0,T,1646191800088154253,0
3,500003,S,L,17500,10,0,0,0,2022-03-02 09:46:20.921191,0,T,1646191800088094734,0
3,500003,S,L,17500,10,0,0,0,2022-03-02 09:46:20.921191,0,T,1646191800088146125,0
3,500003,B,L,17500,10,0,11,0,2022-03-02 09:46:20.921191,3,T,1646191800088211077,0
3,500003,B,L,17500,11,0,0,0,2022-03-02 09:46:20.921191,3,T,1646191800088211077,0
3,500003,B,L,17500,10,0,21,0,2022-03-02 09:46:20.921191,3,T,1646191800088211077,0
3,500003,B,L,17500,30,0,31,0,2022-03-02 09:46:20.921191,3,T,1646191800088211077,0
3,500003,S,L,17510,10,0,40,0,2022-03-02 09:46:24.764359,0,T,1646191800088006518,0
3,500003,B,L,17510,10,0,0,0,2022-03-02 09:46:24.764359,0,T,1646191800088211119,0
3,500003,B,L,17510,40,0,10,0,2022-03-02 09:46:24.915756,3,T,1646191800088211120,0
3,500003,S,L,17510,40,0,0,0,2022-03-02 09:46:24.915756,0,T,1646191800088006518,0
3,500003,S,L,17510,13,0,87,0,2022-03-02 09:46:28.306593,0,T,1646191800088211160,0
3,500003,B,L,17510,13,0,0,0,2022-03-02 09:46:28.306593,4,T,1646191800088211155,0
3,500003,B,L,17510,87,0,527,0,2022-03-02 09:46:32.004842,3,T,1646191800088211169,0
3,500003,S,L,17510,87,0,0,0,2022-03-02 09:46:32.004842,0,T,1646191800088211160,0
3,500003,B,L,17510,500,0,0,0,2022-03-02 09:46:32.281898,3,T,1646191800088211198,0
3,500003,S,L,17510,500,0,0,0,2022-03-02 09:46:32.281898,4,T,1646191800088211197,0
3,500003,S,L,17500,10,0,0,0,2022-03-02 09:46:47.063714,0,T,1646191800088211359,0
3,500003,B,L,17500,10,0,20,0,2022-03-02 09:46:47.063714,0,T,1646191800088211347,0
3,500003,B,L,17500,20,0,0,0,2022-03-02 09:46:48.713392,0,T,1646191800088211347,0
3,500003,S,L,17500,20,0,172,0,2022-03-02 09:46:48.713392,3,T,1646191800088211373,0
3,500003,S,L,17500,47,0,153,0,2022-03-02 09:46:59.619740,0,T,1646191800088211401,0
3,500003,B,L,17500,47,0,0,0,2022-03-02 09:46:59.619740,4,T,1646191800088211387,0
3,500003,B,L,17495,74,0,0,0,2022-03-02 09:47:00.311731,4,T,1646191800088211121,0
3,500003,S,L,17495,74,0,0,0,2022-03-02 09:47:00.311731,3,T,1646191800088211404,0
3,500003,S,L,17485,2,0,538,0,2022-03-02 09:47:00.312798,3,T,1646191800088211411,0
3,500003,B,L,17485,2,2,0,0,2022-03-02 09:47:00.312798,0,T,1646191800088211388,0
3,500003,B,L,17470,2,2,0,0,2022-03-02 09:47:00.346550,0,T,1646191800088211414,0
